2904 4942
369 352 372 362 ,
476 301 518 362 De
538 302 781 375 submonitum
802 301 1011 362 Hetrnieomes
1292 309 1352 370 tlt

133 465 305 532 tradendis·
322 467 409 530 vitae
430 486 620 553 moramque
640 464 827 552 praereptis:
877 465 1082 552 Etproleoto
1109 469 1151 534 atl
1175 469 1356 544 lamudam

130 583 357 671 populum‘n'il
378 585 577 649 nommotlius
607 583 759 649 brevibus
791 585 960 669 ejusmodi,
980 588 1166 666 sententiis,
1195 612 1279 676 quae
1302 590 1354 658 sel

73 787 76 795 Ι
129 702 186 768 ab
202 701 457 788 imperitioribus
488 700 577 766 insili
608 705 738 788 negotio
775 704 952 768 memoriae
984 705 1186 772 mandantur.
1244 706 1353 786 Quare

129 822 215 906 apud
245 842 357 885 omues
386 833 499 906 gentes
529 818 693 905 popularis
720 818 778 883 illa
803 817 1008 905 philosophia
1036 823 1067 885 id
1096 824 1221 890 dicendi
1249 850 1377 913 genus&

126 940 292 1024 proprium
320 940 412 1022 quasi
430 937 493 1001 sibi
520 930 703 1000 vindicavit.
752 934 789 1001 lu
812 936 1036 1003 Hebraeorum
1062 944 1152 1025 potiri
1174 951 1351 1012 sententio-

128 1076 199 1121 sum
221 1057 347 1120 dicendi
374 1077 476 1141 genus
497 1077 590 1140 quam
617 1051 774 1118 latissime
796 1069 926 1142 regnat,
942 1067 979 1119 ‚et
1001 1076 1065 1119 non
1090 1055 1195 1125 solum
1216 1065 1251 1126 iu
1275 1088 1351 1149 pro·

126 1174 262 1254 verbim,
277 1173 392 1261 quibus
408 1178 547 1239 maxima
563 1170 725 1257 peculiare
738 1187 799 1251 est,
821 1194 932 1237 verum
948 1174 1043 1239 etiam
1058 1176 1090 1238 iu
1108 1149 1242 1263 reliquis
1258 1179 1350 1250 libris

125 1296 261 1378 poeticis
283 1307 379 1378 atque
399 1293 593 1379 propheticis
614 1292 720 1358 looum
743 1291 850 1360 habet.
895 1289 982 1367 Quin
1010 1293 1078 1355 imo
1103 1293 1184 1360 adeo
1207 1299 1248 1363 ad
1270 1309 1368 1385 pou-'1
1404 1282 1409 1289 ⁶

90 1391 97 1396 ⁵
124 1400 468 1478 tinaru'Hebraeornru
492 1414 668 1479 orationem
699 1414 861 1496 pertinere
888 1410 1033 1488 videtur,
1062 1390 1099 1477 ut
1120 1431 1267 1483 semote
1288 1417 1346 1487 illo

123 1527 252 1593 dicendi
274 1552 394 1615 genere
417 1543 449 1592 et
471 1532 580 1613 poe‘siu
603 1533 705 1615 ipsam
736 1551 862 1594 cessare
891 1529 1068 1593 existimes.
1118 1527 1250 1602 Cui-rei
1272 1559 1373 1622 pro··

122 1644 292 1730 phetarum
323 1628 445 1732 scripta
475 1648 665 1712 documento
697 1668 770 1711 esse
799 1660 942 1733 possunt.
998 1647 1125 1711 Etenim
1155 1648 1240 1717 baud
1273 1676 1346 1723 rare

121 1763 313 1850 propbetas,
345 1767 477 1833 serioris
507 1768 708 1851 potissimum
736 1767 828 1842 aevi,
858 1762 978 1848 stylum
1009 1766 1152 1846 variant,
1190 1784 1224 1852 et
1248 1775 1345 1840 modo

121 1880 269 1972 poetici,
292 1886 388 1952 mollo
410 1886 507 1968 prosi
529 1885 674 1948 oratione
694 1896 835 1947 utuntur.
873 1881 1051 1969 Utriusque
1073 1884 1147 1968 styli
1170 1888 1341 1957 discrimen

88 2085 90 2088 Ι
123 2018 161 2067 ut
176 1996 281 2090 possis
302 2024 517 2090 eognoseere‚
539 2004 766 2090 attendendum
789 2004 991 2087 praeprimis,
1014 2017 1119 2068 utrum
1142 1988 1345 2075 brevioribus

121 2125 291 2200 sententiis
305 2122 461 2187 .distinota
477 2123 527 2207 sit
553 2125 675 2201 oratio,
702 2142 742 2210 an
772 2118 913 2204 longiori
941 2121 1068 2191 diffluat
1089 2122 1259 2188 verboram
1281 2126 1345 2191 flu.

120 2243 219 2305 mine.
275 2238 437 2316 Quamdiu
467 2242 697 2331 sententiosum
725 2236 946 2322 deprehendas
971 2243 1170 2319 orationem,
1201 2256 1232 2305 at
1254 2248 1345 2331 cogi.

120 2350 297 2433 ¹tationil'mu
317 2358 531 2445 sensibusque
555 2361 699 2442 poeticus
716 2357 802 2421 baud
821 2358 924 2421 deerit
944 2356 1052 2435 eolor3
1076 2375 1187 2424 contra
1208 2361 1343 2433 simulne

86 2473 277 2563 'diffluere-
299 2478 409 2541 rideas
441 2478 639 2559 orationem,
667 2480 910 2562 rogitatiooum.
930 2497 1055 2562 quoqne
1083 2477 1172 2543 color
1201 2482 1343 2564 poeticus
1396 2486 1401 2500 ¹

117 2609 298 2660 evanescet.
335 2593 737 2679 Quarqreote-Lorotlu'u's
751 2596 794 2659 tle⁴
811 2597 1011 2659 sententioso
1026 2597 1152 2659 dioendi
1165 2602 1339 2682 genere-iu
1420 2616 1424 2620 ’

117 2712 206 2778 buno
232 2714 363 2798 modum
392 2715 516 2796 judicat
541 2715 611 2795 ⁸⁷):
643 2712 749 2799 „Hoc
776 2715 873 2797 igitur
903 2715 1041 2796 primum
1073 2726 1105 2776 et
1134 2718 1338 2801 praecipuum

114 2829 274 2920 habetaeiu
296 2835 385 2919 potiti
408 2831 562 2916 Hebraea
589 2831 820 2894 sententiosum
848 2832 975 2896 diaeudi
1004 2852 1126 2918 genus,
1158 2848 1191 2896 ut
1220 2837 1340 2904 oratio·

115 2971 189 3039 ueru
213 2948 350 3014 relatam
373 2964 406 3015 et
424 2949 622 3015 diffluentem
637 2956 808 3027 ootiroeatr
822 2954 1027 3036 numerisque
1044 2952 1230 3036 distinguat.
1243 2989 1281 3002 -
1294 2988 1338 3005 -·

115 3066 183 3133 Set
204 3081 236 3131 et
252 3073 289 3132 iu
314 3072 466 3147 oeteris“,
498 3081 532 3131 ut
561 3070 646 3131 idem
669 3081 779 3131 suntor
806 3068 917 3147 docet,
945 3091 1117 3156 „magnam
1143 3069 1238 3133 babet
1260 3074 1335 3150 vim,

111 3184 292 3272 multasque
312 3191 345 3252 in
366 3209 403 3253 se
424 3188 566 3251 eontinet
587 3205 704 3269 easque
726 3188 869 3272 insignes
892 3189 1036 3255 virtutes.
1072 3187 1157 3255 Natu
1182 3204 1215 3254 ut
1238 3206 1335 3275 saepo

111 3327 155 3370 ex
177 3305 240 3370 hoo
261 3307 349 3371 loute
371 3309 522 3371 eximiam
545 3282 755 3389 elegantiam,
785 3303 985 3369 dnlcedinem
1010 3321 1040 3370 at
1060 3310 1196 3372 nitorem
1214 3311 1337 3383 ,ducunt
1381 3382 1386 3396 1
1433 3390 1437 3395 Α

112 3449 205 3492 saera
227 3435 390 3519 poemata,
416 3407 462 3489 ita
484 3428 517 3489 iu
540 3422 650 3489 multis
670 3425 775 3489 eidem
800 3444 890 3486 snam
915 3422 1030 3486 debent
1051 3424 1277 3488 sublimitatem
1302 3438 1334 3487 et
1395 3412 1400 3422 ’

110 3547 265 3631 ροηιὶιιετΙ
293 3543 423 3608 crebrae
452 3543 578 3629 sibique
607 3545 763 3606 instantes
792 3543 969 3604 sententiae
998 3539 1049 3603 vel
1086 3546 1224 3606 maxima
1254 3564 1332 3605 eou-

109 3666 228 3738 oisam,
251 3683 381 3748 gravem
405 3676 436 3725 et
456 3664 617 3733 inuitatum
641 3660 762 3727 laniunt
780 3661 994 3722 orationem.“
1034 3645 1181 3724 Ceterum
1208 3663 1332 3726 numid

108 3782 237 3847 dicendi
257 3802 360 3866 genus
382 3779 732 3864 Hebraeornmstpotitis
761 3780 842 3844 adeo
871 3780 913 3842 sit
934 3776 1114 3857 familiare,
1145 3792 1179 3840 ut
1209 3792 1331 3844 tantum

103 3955 322 3970 ,.....,.--.-..

150 4039 208 4119 87)
233 4027 279 4100 Πο
307 4039 397 4099 suerri
425 4037 629 4098 Hebraeorum
659 4035 763 4116 poesi,
790 4037 934 4116 praeleet.
961 4035 1018 4106 IV,
1050 4056 1078 4112 p.
1101 4032 1159 4107 85,
1188 4057 1225 4094 ex
1256 4039 1327 4097 edit.

137 4128 146 4146 ’
191 4139 475 4203 usulensem.
884 4155 889 4162 -
1348 4138 1354 4148 ·
