2904 4942
542 299 903 377 Praefatio.
982 331 986 339 ,
1269 294 1332 360 Vll

112 489 369 577 habebamus,
417 488 552 583 quibus
594 488 641 560 de
684 486 941 568 lucubratione
982 479 1109 556 nostrai
1148 486 1335 560 sententia

114 638 270 714 terenda
296 650 388 712 erat

217 789 393 866 Ceterum
435 742 521 862 uhi,
541 789 840 864 lucubrationem
884 755 1024 862 hancce
1065 789 1206 885 publici
1238 790 1334 884 juris

116 945 292 1032 facimus,
335 939 437 1015 laud
478 940 627 1015 silentio
667 948 865 1038 possumus
906 941 1129 1036 praeterire,
1170 940 1334 1038 primum
1413 1002 1419 1011 ,

115 1100 197 1194 ejus
222 1108 351 1194 caput,
377 1091 479 1191 quod
500 1091 551 1166 du
575 1094 719 1188 origine
743 1106 782 1166 et
805 1095 925 1167 carreis
949 1095 1106 1190 poiseos
1121 1088 1333 1175 Hebraicae

115 1262 270 1339 tractat,
295 1256 527 1321 novamen.
543 1245 840 1341 parteinduisse
863 1247 1043 1335 formam,
1070 1243 1260 1318 diuersam
1284 1245 1332 1318 ab

114 1401 199 1491 illei,
225 1423 338 1497 quam
362 1395 639 1494 autographum
656 1410 857 1487 noenum,
883 1398 1019 1515 Regiae
1035 1398 1332 1494 inscriptionum

113 1553 344 1648 Academiae
374 1552 659 1640 transmissum,
675 1549 910 1641 ¹exhibebat..
972 1548 1145 1647 Namque
1176 1550 1252 1623 illie
1285 1548 1334 1623 de

114 1703 358 1780 Pentateuchi
392 1703 537 1798 origine
562 1703 743 1805 :artisque
778 1700 966 1777 scribendi
1000 1700 1123 1801 apud¹
1136 1701 1333 1783 Hebraeos
1443 1735 1447 1741 ·

113 1860 232 1930 initiis
259 1855 549 1955 disputammus3
583 1856 623 1943 in
656 1851 730 1951 quai
754 1853 1021 1953 disputatione.
1041 1856 1089 1929 iis
1113 1855 1153 1927 ln
1181 1855 1333 1929 univer·
1417 1882 1420 1887 ·

114 2032 198 2084 sum
225 2009 348 2081 innixi
382 2029 513 2081 sumus
538 2007 815 2097 fundamentis,
850 2028 944 2103 quae
971 2009 1053 2103 Jam
1080 2030 1104 2079 a
1126 2007 1265 2080 Vatero
1291 2007 1334 2079 in

116 2159 400 2235 Commentario
433 2161 473 2231 in
500 2159 795 2232 Pentateuchum
820 2162 924 2254 jacta
956 2138 1126 2247 fuerant,
1165 2181 1333 2256 quaeque

116 2314 457 2410 inpraesentiarum
476 2336 587 2407 quam
610 2313 780 2409 plurimis
797 2312 1022 2385 Germaniae
1043 2311 1225 2407 theologis
1246 2335 1333 2408 pro·

114 2467 264 2539 bantur.
308 2462 437 2559 Neque
460 2476 589 2536 tamen
611 2465 750 2561 placita
775 2476 905 2537 nostra
927 2463 974 2535 de
990 2462 1233 2536 Pentateuchi
1260 2465 1333 2536 ori-

113 2619 198 2712 gine
232 2615 457 2689 doctissimis
490 2616 760 2690 lucubrationis
791 2629 942 2690 nostrae
977 2616 1128 2697 arbitris
1160 2615 1333 2689 adrisisse

114 2769 304 2844 videntur.
371 2767 542 2864 Namque
580 2793 665 2842 cum
700 2770 923 2866 opusculum
959 2779 1130 2842 nostrum
1164 2769 1333 2865 praemio

113 2920 327 2994 ornandum
354 2933 566 3009 censerent,
592 2922 802 2995 monebant
826 2922 956 3009 simul,
986 2944 1067 2995 sese
1092 2922 1133 2993 in
1158 2918 1335 3014 faciendo

77 3049 254 3170 ‘judicio
293 3071 517 3168 placitorum
557 3072 706 3146 illorum
747 3074 889 3148 nullam
921 3073 1108 3169 habuisse¹
1133 3074 1331 3146 rationem.

117 3220 226 3310 Quod
249 3236 443 3298 tantorum
470 3226 638 3298 virorum
659 3224 844 3320 judicium
868 3248 938 3298 nos
962 3225 1135 3314 induxit,
1162 3239 1215 3314 ut,
1238 3248 1333 3324 quae

113 3374 161 3448 de
188 3376 431 3450 Pentateuchi
453 3377 594 3471 origine
621 3379 784 3473 artisque
810 3377 996 3450 scribendi
1021 3377 1124 3476 apud
1139 3378 1334 3451 Hebraeos

112 3529 229 3600 initiis
248 3527 596 3624 disputaveramus,
621 3531 661 3601 in
685 3529 832 3602 edendo
854 3530 981 3602 libello
1005 3532 1333 3628 supprimeremus,

114 3681 228 3777 inque
254 3654 404 3753 illorum
433 3680 557 3753 locum
584 3679 882 3779 disquisitionem
918 3683 966 3755 de
992 3695 1117 3756 aetate
1144 3682 1229 3756 lobi
1255 3706 1333 3758 ear-

114 3832 335 3927 minumque
373 3832 663 3925 nonnullorum,
694 3835 735 3905 in
765 3834 955 3908 Genesecs
990 3835 1084 3908 libro
1120 3836 1331 3925 obviorum,

110 3984 434 4058 substitueremus.
477 3979 559 4071 Qus
581 3986 790 4059 mutatione
816 3986 908 4059 nihil
935 3989 975 4059 in
995 3989 1050 4060 rei
1076 3986 1226 4062 summai
1251 4014 1332 4067 mu·
