<?xml version="1.0" encoding="UTF-8"?>
<!DOCTYPE html PUBLIC "-//W3C//DTD XHTML 1.0 Transitional//EN"
    "http://www.w3.org/TR/xhtml1/DTD/xhtml1-transitional.dtd">
<html xmlns="http://www.w3.org/1999/xhtml" xml:lang="en" lang="en">
 <head>
  <title>
</title>
<meta http-equiv="Content-Type" content="text/html;charset=utf-8" />
  <meta name='ocr-system' content='tesseract 3.04.00' />
  <meta name='ocr-capabilities' content='ocr_page ocr_carea ocr_par ocr_line ocrx_word'/>
</head>
<body>
  <div class='ocr_page' id='page_1' title='image "./joannisgeorgiiw00wenrgoog_0116.png"; bbox 0 0 2904 4942; ppageno 0'>
   <div class='ocr_carea' id='block_1_1' title="bbox 637 302 1341 379">
    <p class='ocr_par' dir='ltr' id='par_1_1' title="bbox 637 302 1341 379">
     <span class='ocr_line' id='line_1_1' title="bbox 637 302 1341 379; baseline 0.004 -16"><span class='ocrx_word' id='word_1_1' title='bbox 637 302 826 379; x_wconf 68' lang='lat' dir='ltr'><strong><em>Comparatio.</em></strong></span> <span class='ocrx_word' id='word_1_2' title='bbox 853 310 856 327; x_wconf 76' lang='lat'>³</span> <span class='ocrx_word' id='word_1_3' title='bbox 1145 309 1150 332; x_wconf 73' lang='lat'>⁸</span> <span class='ocrx_word' id='word_1_4' title='bbox 1283 317 1341 376; x_wconf 72' lang='lat'><strong>101</strong></span> 
     </span>
    </p>
   </div>
   <div class='ocr_carea' id='block_1_2' title="bbox 115 459 1343 916">
    <p class='ocr_par' dir='ltr' id='par_1_2' title="bbox 115 459 1343 916">
     <span class='ocr_line' id='line_1_2' title="bbox 115 459 1343 565; baseline 0.015 -39"><span class='ocrx_word' id='word_1_5' title='bbox 115 459 299 554; x_wconf 71' lang='lat' dir='ltr'><strong>intelligas,</strong></span> <span class='ocrx_word' id='word_1_6' title='bbox 324 467 440 548; x_wconf 69' lang='lat' dir='ltr'><strong>poesin</strong></span> <span class='ocrx_word' id='word_1_7' title='bbox 465 464 658 531; x_wconf 85' lang='lat' dir='ltr'><strong>Hebraioarn</strong></span> <span class='ocrx_word' id='word_1_8' title='bbox 682 466 722 531; x_wconf 89' lang='lat' dir='ltr'><strong>ab</strong></span> <span class='ocrx_word' id='word_1_9' title='bbox 743 469 884 535; x_wconf 79' lang='lat' dir='ltr'><strong>Arabica</strong></span> <span class='ocrx_word' id='word_1_10' title='bbox 905 485 938 536; x_wconf 87' lang='lat' dir='ltr'><strong>et</strong></span> <span class='ocrx_word' id='word_1_11' title='bbox 960 478 1139 559; x_wconf 83' lang='lat' dir='ltr'><strong>argumenti</strong></span> <span class='ocrx_word' id='word_1_12' title='bbox 1162 488 1195 540; x_wconf 85' lang='lat' dir='ltr'><strong>et</strong></span> <span class='ocrx_word' id='word_1_13' title='bbox 1213 482 1343 565; x_wconf 79' lang='lat' dir='ltr'><strong>generis</strong></span> 
     </span>
     <span class='ocr_line' id='line_1_3' title="bbox 117 583 1341 681; baseline 0.013 -36"><span class='ocrx_word' id='word_1_14' title='bbox 117 583 275 647; x_wconf 86' lang='lat' dir='ltr'><strong>varietate</strong></span> <span class='ocrx_word' id='word_1_15' title='bbox 298 587 454 668; x_wconf 82' lang='lat' dir='ltr'><strong>superari.</strong></span> <span class='ocrx_word' id='word_1_16' title='bbox 506 583 619 670; x_wconf 88' lang='lat' dir='ltr'><strong>Neque</strong></span> <span class='ocrx_word' id='word_1_17' title='bbox 648 587 680 650; x_wconf 91' lang='lat' dir='ltr'><strong>id</strong></span> <span class='ocrx_word' id='word_1_18' title='bbox 711 590 792 654; x_wconf 91' lang='lat' dir='ltr'><strong>adeo</strong></span> <span class='ocrx_word' id='word_1_19' title='bbox 822 592 956 665; x_wconf 84' lang='lat' dir='ltr'><strong>ntirum3</strong></span> <span class='ocrx_word' id='word_1_20' title='bbox 987 589 1092 656; x_wconf 86' lang='lat' dir='ltr'><strong>solent</strong></span> <span class='ocrx_word' id='word_1_21' title='bbox 1121 598 1207 660; x_wconf 89' lang='lat' dir='ltr'><strong>enim</strong></span> <span class='ocrx_word' id='word_1_22' title='bbox 1229 606 1341 681; x_wconf 74' lang='lat' dir='ltr'><strong>poetae</strong></span> 
     </span>
     <span class='ocr_line' id='line_1_4' title="bbox 117 711 1340 794; baseline 0.012 -30"><span class='ocrx_word' id='word_1_23' title='bbox 117 720 294 785; x_wconf 70' lang='lat' dir='ltr'>praecones</span> <span class='ocrx_word' id='word_1_24' title='bbox 316 721 407 780; x_wconf 87' lang='lat' dir='ltr'><strong>esse,</strong></span> <span class='ocrx_word' id='word_1_25' title='bbox 429 715 464 766; x_wconf 94' lang='lat' dir='ltr'><strong>ut</strong></span> <span class='ocrx_word' id='word_1_26' title='bbox 482 716 616 766; x_wconf 87' lang='lat' dir='ltr'><strong>naturae</strong></span> <span class='ocrx_word' id='word_1_27' title='bbox 636 725 807 792; x_wconf 76' lang='lat' dir='ltr'>rerumque</span> <span class='ocrx_word' id='word_1_28' title='bbox 829 720 1052 788; x_wconf 87' lang='lat' dir='ltr'><strong>externarum,</strong></span> <span class='ocrx_word' id='word_1_29' title='bbox 1073 711 1186 794; x_wconf 83' lang='lat' dir='ltr'><strong>quibua</strong></span> <span class='ocrx_word' id='word_1_30' title='bbox 1208 715 1340 778; x_wconf 86' lang='lat' dir='ltr'><strong>circum·</strong></span> 
     </span>
     <span class='ocr_line' id='line_1_5' title="bbox 118 820 1340 916; baseline 0.01 -32"><span class='ocrx_word' id='word_1_31' title='bbox 118 820 243 901; x_wconf 89' lang='lat' dir='ltr'><strong>dantur,</strong></span> <span class='ocrx_word' id='word_1_32' title='bbox 267 822 313 882; x_wconf 92' lang='lat' dir='ltr'><strong>ita</strong></span> <span class='ocrx_word' id='word_1_33' title='bbox 328 823 424 884; x_wconf 91' lang='lat' dir='ltr'><strong>etiam</strong></span> <span class='ocrx_word' id='word_1_34' title='bbox 436 842 599 900; x_wconf 85' lang='lat' dir='ltr'><strong>sensuum,</strong></span> <span class='ocrx_word' id='word_1_35' title='bbox 618 824 899 910; x_wconf 79' lang='lat' dir='ltr'><strong>notionum&#39;atque</strong></span> <span class='ocrx_word' id='word_1_36' title='bbox 911 827 1142 909; x_wconf 71' lang='lat' dir='ltr'>cognitionum,</span> <span class='ocrx_word' id='word_1_37' title='bbox 1159 852 1240 916; x_wconf 89' lang='lat' dir='ltr'><strong>quae</strong></span> <span class='ocrx_word' id='word_1_38' title='bbox 1256 835 1340 896; x_wconf 90' lang='lat' dir='ltr'><strong>inter</strong></span> 
     </span>
    </p>
   </div>
   <div class='ocr_carea' id='block_1_3' title="bbox 114 935 1445 1035">
    <p class='ocr_par' dir='ltr' id='par_1_3' title="bbox 114 935 1445 1035">
     <span class='ocr_line' id='line_1_6' title="bbox 114 935 1445 1035; baseline 0.011 -35"><span class='ocrx_word' id='word_1_39' title='bbox 114 935 287 1023; x_wconf 82' lang='lat' dir='ltr'><strong>populares</strong></span> <span class='ocrx_word' id='word_1_40' title='bbox 303 958 379 1002; x_wconf 86' lang='lat' dir='ltr'><strong>suus</strong></span> <span class='ocrx_word' id='word_1_41' title='bbox 395 941 514 1025; x_wconf 85' lang='lat' dir='ltr'><strong>vigent.</strong></span> <span class='ocrx_word' id='word_1_42' title='bbox 541 941 612 1004; x_wconf 75' lang='lat' dir='ltr'><strong>dam</strong></span> <span class='ocrx_word' id='word_1_43' title='bbox 628 960 704 1004; x_wconf 87' lang='lat' dir='ltr'><strong>vero</strong></span> <span class='ocrx_word' id='word_1_44' title='bbox 718 940 942 1006; x_wconf 80' lang='lat' dir='ltr'><strong>Hebraeorum</strong></span> <span class='ocrx_word' id='word_1_45' title='bbox 958 947 1106 1009; x_wconf 80' lang='lat' dir='ltr'><strong>notiones</strong></span> <span class='ocrx_word' id='word_1_46' title='bbox 1121 960 1215 1035; x_wconf 90' lang='lat' dir='ltr'><strong>atque</strong></span> <span class='ocrx_word' id='word_1_47' title='bbox 1230 952 1339 1034; x_wconf 87' lang='lat' dir='ltr'><strong>cogni·</strong></span> <span class='ocrx_word' id='word_1_48' title='bbox 1442 998 1445 1003; x_wconf 76' lang='lat'><strong>,</strong></span> 
     </span>
    </p>
   </div>
   <div class='ocr_carea' id='block_1_4' title="bbox 114 1055 1341 1501">
    <p class='ocr_par' dir='ltr' id='par_1_4' title="bbox 114 1055 1341 1501">
     <span class='ocr_line' id='line_1_7' title="bbox 114 1055 1336 1147; baseline 0.011 -30"><span class='ocrx_word' id='word_1_49' title='bbox 114 1056 222 1118; x_wconf 88' lang='lat' dir='ltr'><strong>tiones</strong></span> <span class='ocrx_word' id='word_1_50' title='bbox 244 1055 434 1120; x_wconf 72' lang='lat' dir='ltr'><strong>arctioribus</strong></span> <span class='ocrx_word' id='word_1_51' title='bbox 455 1055 618 1123; x_wconf 74' lang='lat' dir='ltr'><strong>limitibus</strong></span> <span class='ocrx_word' id='word_1_52' title='bbox 637 1061 896 1144; x_wconf 74' lang='lat' dir='ltr'><strong>circumscriptae</strong></span> <span class='ocrx_word' id='word_1_53' title='bbox 917 1075 1025 1140; x_wconf 86' lang='lat' dir='ltr'><strong>erant,</strong></span> <span class='ocrx_word' id='word_1_54' title='bbox 1057 1082 1150 1147; x_wconf 80' lang='lat' dir='ltr'><strong>quam</strong></span> <span class='ocrx_word' id='word_1_55' title='bbox 1177 1063 1336 1146; x_wconf 80' lang='lat' dir='ltr'><strong>Arabum3</strong></span> 
     </span>
     <span class='ocr_line' id='line_1_8' title="bbox 115 1174 1341 1263; baseline 0.01 -29"><span class='ocrx_word' id='word_1_56' title='bbox 115 1192 215 1257; x_wconf 86' lang='lat' dir='ltr'><strong>quara</strong></span> <span class='ocrx_word' id='word_1_57' title='bbox 235 1184 269 1235; x_wconf 90' lang='lat' dir='ltr'><strong>et</strong></span> <span class='ocrx_word' id='word_1_58' title='bbox 290 1194 363 1253; x_wconf 87' lang='lat' dir='ltr'><strong>res,</strong></span> <span class='ocrx_word' id='word_1_59' title='bbox 387 1197 465 1260; x_wconf 89' lang='lat' dir='ltr'><strong>quas</strong></span> <span class='ocrx_word' id='word_1_60' title='bbox 487 1174 710 1242; x_wconf 81' lang='lat' dir='ltr'><strong>Hebraeorum</strong></span> <span class='ocrx_word' id='word_1_61' title='bbox 735 1186 846 1263; x_wconf 78' lang='lat' dir='ltr'><strong>potitae</strong></span> <span class='ocrx_word' id='word_1_62' title='bbox 868 1180 1050 1243; x_wconf 85' lang='lat' dir='ltr'><strong>tractandas</strong></span> <span class='ocrx_word' id='word_1_63' title='bbox 1071 1181 1133 1244; x_wconf 89' lang='lat' dir='ltr'><strong>sibi</strong></span> <span class='ocrx_word' id='word_1_64' title='bbox 1155 1181 1341 1261; x_wconf 76' lang='lat' dir='ltr'><strong>sumebant,</strong></span> 
     </span>
     <span class='ocr_line' id='line_1_9' title="bbox 114 1289 1335 1383; baseline 0.01 -31"><span class='ocrx_word' id='word_1_65' title='bbox 114 1289 203 1354; x_wconf 92' lang='lat' dir='ltr'><strong>baud</strong></span> <span class='ocrx_word' id='word_1_66' title='bbox 222 1292 302 1354; x_wconf 84' lang='lat' dir='ltr'><strong>adeo</strong></span> <span class='ocrx_word' id='word_1_67' title='bbox 331 1293 448 1355; x_wconf 61' lang='lat' dir='ltr'><strong>variae.</strong></span> <span class='ocrx_word' id='word_1_68' title='bbox 463 1313 534 1358; x_wconf 87' lang='lat' dir='ltr'><strong>esse</strong></span> <span class='ocrx_word' id='word_1_69' title='bbox 566 1307 729 1380; x_wconf 86' lang='lat' dir='ltr'><strong>poterant,</strong></span> <span class='ocrx_word' id='word_1_70' title='bbox 760 1316 855 1380; x_wconf 87' lang='lat' dir='ltr'><strong>quam</strong></span> <span class='ocrx_word' id='word_1_71' title='bbox 885 1315 967 1381; x_wconf 87' lang='lat' dir='ltr'><strong>quae</strong></span> <span class='ocrx_word' id='word_1_72' title='bbox 996 1295 1036 1360; x_wconf 92' lang='lat' dir='ltr'><strong>ab</strong></span> <span class='ocrx_word' id='word_1_73' title='bbox 1059 1297 1202 1362; x_wconf 88' lang='lat' dir='ltr'><strong>Arabum</strong></span> <span class='ocrx_word' id='word_1_74' title='bbox 1233 1304 1335 1383; x_wconf 77' lang='lat' dir='ltr'><strong>potitis</strong></span> 
     </span>
     <span class='ocr_line' id='line_1_10' title="bbox 114 1407 1336 1501; baseline 0.008 -28"><span class='ocrx_word' id='word_1_75' title='bbox 114 1407 313 1473; x_wconf 78' lang='lat' dir='ltr'><strong>carminibus</strong></span> <span class='ocrx_word' id='word_1_76' title='bbox 335 1410 571 1476; x_wconf 88' lang='lat' dir='ltr'><strong>mandarentur.</strong></span> <span class='ocrx_word' id='word_1_77' title='bbox 610 1410 754 1491; x_wconf 77' lang='lat' dir='ltr'><strong>Accedit,</strong></span> <span class='ocrx_word' id='word_1_78' title='bbox 777 1410 858 1498; x_wconf 73' lang='lat' dir='ltr'><strong>qnod</strong></span> <span class='ocrx_word' id='word_1_79' title='bbox 883 1420 1017 1497; x_wconf 72' lang='lat' dir='ltr'><strong>poiseus</strong></span> <span class='ocrx_word' id='word_1_80' title='bbox 1032 1412 1213 1479; x_wconf 89' lang='lat' dir='ltr'><strong>Hebraicae</strong></span> <span class='ocrx_word' id='word_1_81' title='bbox 1234 1430 1336 1501; x_wconf 84' lang='lat' dir='ltr'><strong>pauca</strong></span> 
     </span>
    </p>
   </div>
   <div class='ocr_carea' id='block_1_5' title="bbox 110 1518 1368 2109">
    <p class='ocr_par' dir='ltr' id='par_1_5' title="bbox 110 1518 1368 2109">
     <span class='ocr_line' id='line_1_11' title="bbox 113 1518 1335 1618; baseline 0.006 -27"><span class='ocrx_word' id='word_1_82' title='bbox 113 1539 242 1591; x_wconf 88' lang='lat' dir='ltr'><strong>tautum·</strong></span> <span class='ocrx_word' id='word_1_83' title='bbox 253 1529 448 1592; x_wconf 88' lang='lat' dir='ltr'><strong>monimenta</strong></span> <span class='ocrx_word' id='word_1_84' title='bbox 465 1531 503 1594; x_wconf 92' lang='lat' dir='ltr'><strong>ad</strong></span> <span class='ocrx_word' id='word_1_85' title='bbox 522 1518 631 1595; x_wconf 80' lang='lat' dir='ltr'><strong>nostra</strong></span> <span class='ocrx_word' id='word_1_86' title='bbox 647 1546 791 1618; x_wconf 88' lang='lat' dir='ltr'><strong>tempora</strong></span> <span class='ocrx_word' id='word_1_87' title='bbox 806 1533 1042 1616; x_wconf 81' lang='lat' dir='ltr'><strong>superaverint3</strong></span> <span class='ocrx_word' id='word_1_88' title='bbox 1065 1531 1207 1607; x_wconf 87' lang='lat' dir='ltr'><strong>Arabum</strong></span> <span class='ocrx_word' id='word_1_89' title='bbox 1224 1549 1335 1598; x_wconf 88' lang='lat' dir='ltr'><strong>contra</strong></span> 
     </span>
     <span class='ocr_line' id='line_1_12' title="bbox 110 1646 1333 1734; baseline 0.006 -26"><span class='ocrx_word' id='word_1_90' title='bbox 110 1646 223 1731; x_wconf 71' lang='lat' dir='ltr'><strong>poesis</strong></span> <span class='ocrx_word' id='word_1_91' title='bbox 244 1666 391 1731; x_wconf 79' lang='lat' dir='ltr'><strong>magnam</strong></span> <span class='ocrx_word' id='word_1_92' title='bbox 407 1658 439 1708; x_wconf 88' lang='lat' dir='ltr'><strong>et</strong></span> <span class='ocrx_word' id='word_1_93' title='bbox 453 1660 616 1713; x_wconf 88' lang='lat' dir='ltr'><strong>auctorum</strong></span> <span class='ocrx_word' id='word_1_94' title='bbox 647 1664 679 1713; x_wconf 90' lang='lat' dir='ltr'><strong>et</strong></span> <span class='ocrx_word' id='word_1_95' title='bbox 700 1655 876 1715; x_wconf 85' lang='lat' dir='ltr'><strong>carminum</strong></span> <span class='ocrx_word' id='word_1_96' title='bbox 900 1653 1023 1734; x_wconf 88' lang='lat' dir='ltr'><strong>copiam</strong></span> <span class='ocrx_word' id='word_1_97' title='bbox 1047 1650 1174 1716; x_wconf 83' lang='lat' dir='ltr'><strong>babeat.</strong></span> <span class='ocrx_word' id='word_1_98' title='bbox 1224 1649 1333 1727; x_wconf 80' lang='lat' dir='ltr'><strong>Quare</strong></span> 
     </span>
     <span class='ocr_line' id='line_1_13' title="bbox 110 1761 1334 1853; baseline 0.003 -25"><span class='ocrx_word' id='word_1_99' title='bbox 110 1761 185 1828; x_wconf 84' lang='lat' dir='ltr'><strong>fieri</strong></span> <span class='ocrx_word' id='word_1_100' title='bbox 205 1767 261 1828; x_wconf 84' lang='lat' dir='ltr'><strong>vix</strong></span> <span class='ocrx_word' id='word_1_101' title='bbox 282 1765 403 1849; x_wconf 88' lang='lat' dir='ltr'><strong>potuit,</strong></span> <span class='ocrx_word' id='word_1_102' title='bbox 433 1767 509 1849; x_wconf 90' lang='lat' dir='ltr'><strong>quin</strong></span> <span class='ocrx_word' id='word_1_103' title='bbox 529 1780 562 1830; x_wconf 92' lang='lat' dir='ltr'><strong>et</strong></span> <span class='ocrx_word' id='word_1_104' title='bbox 582 1771 761 1852; x_wconf 81' lang='lat' dir='ltr'><strong>argumenti</strong></span> <span class='ocrx_word' id='word_1_105' title='bbox 789 1781 821 1831; x_wconf 92' lang='lat' dir='ltr'><strong>et</strong></span> <span class='ocrx_word' id='word_1_106' title='bbox 842 1771 972 1853; x_wconf 83' lang='lat' dir='ltr'><strong>generis</strong></span> <span class='ocrx_word' id='word_1_107' title='bbox 991 1770 1144 1832; x_wconf 85' lang='lat' dir='ltr'><strong>varietate</strong></span> <span class='ocrx_word' id='word_1_108' title='bbox 1166 1767 1334 1832; x_wconf 90' lang='lat' dir='ltr'><strong>Hebraeo·</strong></span> 
     </span>
     <span class='ocr_line' id='line_1_14' title="bbox 111 1882 1333 1971; baseline 0.001 -22"><span class='ocrx_word' id='word_1_109' title='bbox 111 1904 184 1949; x_wconf 86' lang='lat' dir='ltr'><strong>rum</strong></span> <span class='ocrx_word' id='word_1_110' title='bbox 206 1886 314 1968; x_wconf 71' lang='lat' dir='ltr'><strong>poesis</strong></span> <span class='ocrx_word' id='word_1_111' title='bbox 336 1882 376 1946; x_wconf 93' lang='lat' dir='ltr'><strong>ab</strong></span> <span class='ocrx_word' id='word_1_112' title='bbox 399 1882 538 1949; x_wconf 75' lang='lat' dir='ltr'><strong>Arabica</strong></span> <span class='ocrx_word' id='word_1_113' title='bbox 559 1900 773 1971; x_wconf 80' lang='lat' dir='ltr'><strong>superaretur.</strong></span> <span class='ocrx_word' id='word_1_114' title='bbox 817 1883 1003 1949; x_wconf 85' lang='lat' dir='ltr'><strong>Carminum</strong></span> <span class='ocrx_word' id='word_1_115' title='bbox 1025 1885 1258 1950; x_wconf 89' lang='lat' dir='ltr'><strong>Hebraicorum</strong></span> <span class='ocrx_word' id='word_1_116' title='bbox 1283 1907 1333 1950; x_wconf 91' lang='lat' dir='ltr'><strong>ar·</strong></span> 
     </span>
     <span class='ocr_line' id='line_1_15' title="bbox 113 2000 1368 2109; baseline 0.001 -43"><span class='ocrx_word' id='word_1_117' title='bbox 113 2016 299 2089; x_wconf 76' lang='lat' dir='ltr'><strong>gementum</strong></span> <span class='ocrx_word' id='word_1_118' title='bbox 328 2016 362 2066; x_wconf 89' lang='lat' dir='ltr'><strong>ut</strong></span> <span class='ocrx_word' id='word_1_119' title='bbox 388 2000 560 2087; x_wconf 86' lang='lat' dir='ltr'><strong>plurimum</strong></span> <span class='ocrx_word' id='word_1_120' title='bbox 588 2005 621 2065; x_wconf 92' lang='lat' dir='ltr'><strong>in</strong></span> <span class='ocrx_word' id='word_1_121' title='bbox 653 2001 853 2067; x_wconf 83' lang='lat' dir='ltr'><strong>celebrandis</strong></span> <span class='ocrx_word' id='word_1_122' title='bbox 876 2004 975 2065; x_wconf 79' lang='lat' dir='ltr'><strong>divini</strong></span> <span class='ocrx_word' id='word_1_123' title='bbox 1003 2004 1142 2066; x_wconf 88' lang='lat' dir='ltr'><strong>numinis</strong></span> <span class='ocrx_word' id='word_1_124' title='bbox 1169 2001 1330 2083; x_wconf 87' lang='lat' dir='ltr'><strong>laudibus,</strong></span> <span class='ocrx_word' id='word_1_125' title='bbox 1359 2092 1368 2109; x_wconf 85' lang='lat'><strong>.</strong></span> 
     </span>
    </p>
   </div>
   <div class='ocr_carea' id='block_1_6' title="bbox 63 2118 1416 4214">
    <p class='ocr_par' dir='ltr' id='par_1_6' title="bbox 63 2118 1416 4214">
     <span class='ocr_line' id='line_1_16' title="bbox 113 2118 1331 2209; baseline -0.001 -25"><span class='ocrx_word' id='word_1_126' title='bbox 113 2121 277 2185; x_wconf 84' lang='lat' dir='ltr'><strong>tradendis</strong></span> <span class='ocrx_word' id='word_1_127' title='bbox 299 2121 384 2182; x_wconf 84' lang='lat' dir='ltr'><strong>vitae</strong></span> <span class='ocrx_word' id='word_1_128' title='bbox 406 2141 592 2205; x_wconf 89' lang='lat' dir='ltr'><strong>murumque</strong></span> <span class='ocrx_word' id='word_1_129' title='bbox 618 2123 813 2206; x_wconf 84' lang='lat' dir='ltr'><strong>praeceptis,</strong></span> <span class='ocrx_word' id='word_1_130' title='bbox 842 2135 875 2201; x_wconf 77' lang='lat' dir='ltr'><strong>et</strong></span> <span class='ocrx_word' id='word_1_131' title='bbox 903 2118 1098 2209; x_wconf 74' lang='lat' dir='ltr'><strong>deplorandis</strong></span> <span class='ocrx_word' id='word_1_132' title='bbox 1125 2122 1244 2184; x_wconf 76' lang='lat' dir='ltr'><strong>miseri</strong></span> <span class='ocrx_word' id='word_1_133' title='bbox 1275 2141 1331 2205; x_wconf 92' lang='lat' dir='ltr'><strong>po·</strong></span> 
     </span>
     <span class='ocr_line' id='line_1_17' title="bbox 109 2227 1331 2323; baseline 0.001 -23"><span class='ocrx_word' id='word_1_134' title='bbox 109 2236 180 2323; x_wconf 87' lang='lat' dir='ltr'><strong>puli</strong></span> <span class='ocrx_word' id='word_1_135' title='bbox 194 2236 346 2300; x_wconf 87' lang='lat' dir='ltr'><strong>Hebraici</strong></span> <span class='ocrx_word' id='word_1_136' title='bbox 368 2251 453 2301; x_wconf 89' lang='lat' dir='ltr'><strong>sorte</strong></span> <span class='ocrx_word' id='word_1_137' title='bbox 471 2252 634 2315; x_wconf 61' lang='lat' dir='ltr'><strong>uersatum</strong></span> <span class='ocrx_word' id='word_1_138' title='bbox 655 2243 760 2303; x_wconf 83' lang='lat' dir='ltr'><strong>rarius</strong></span> <span class='ocrx_word' id='word_1_139' title='bbox 782 2238 935 2302; x_wconf 81' lang='lat' dir='ltr'><strong>fortitudo</strong></span> <span class='ocrx_word' id='word_1_140' title='bbox 956 2236 1089 2315; x_wconf 83' lang='lat' dir='ltr'><strong>bellica,</strong></span> <span class='ocrx_word' id='word_1_141' title='bbox 1112 2251 1144 2301; x_wconf 87' lang='lat' dir='ltr'><strong>et</strong></span> <span class='ocrx_word' id='word_1_142' title='bbox 1167 2227 1331 2314; x_wconf 75' lang='lat' dir='ltr'><strong>rarissime</strong></span> 
     </span>
     <span class='ocr_line' id='line_1_18' title="bbox 109 2352 1331 2442; baseline -0.001 -23"><span class='ocrx_word' id='word_1_143' title='bbox 109 2355 224 2419; x_wconf 85' lang='lat' dir='ltr'><strong>duicea</strong></span> <span class='ocrx_word' id='word_1_144' title='bbox 245 2352 491 2434; x_wconf 67' lang='lat' dir='ltr'><strong>amaritheus,</strong></span> <span class='ocrx_word' id='word_1_145' title='bbox 512 2355 687 2442; x_wconf 83' lang='lat' dir='ltr'><strong>laudesque</strong></span> <span class='ocrx_word' id='word_1_146' title='bbox 707 2357 898 2420; x_wconf 84' lang='lat' dir='ltr'><strong>feminarum</strong></span> <span class='ocrx_word' id='word_1_147' title='bbox 920 2356 1153 2442; x_wconf 87' lang='lat' dir='ltr'><strong>praedicantur.</strong></span> <span class='ocrx_word' id='word_1_148' title='bbox 1188 2356 1232 2418; x_wconf 87' lang='lat' dir='ltr'><strong>At</strong></span> <span class='ocrx_word' id='word_1_149' title='bbox 1253 2374 1331 2418; x_wconf 89' lang='lat' dir='ltr'><strong>vero</strong></span> 
     </span>
     <span class='ocr_line' id='line_1_19' title="bbox 111 2462 1328 2567; baseline -0.004 -29"><span class='ocrx_word' id='word_1_150' title='bbox 111 2472 254 2538; x_wconf 89' lang='lat' dir='ltr'><strong>Arabum</strong></span> <span class='ocrx_word' id='word_1_151' title='bbox 278 2462 387 2558; x_wconf 40' lang='lat' dir='ltr'><strong>peiis&#39;is</strong></span> <span class='ocrx_word' id='word_1_152' title='bbox 407 2487 533 2558; x_wconf 88' lang='lat' dir='ltr'><strong>praeter</strong></span> <span class='ocrx_word' id='word_1_153' title='bbox 548 2478 686 2541; x_wconf 86' lang='lat' dir='ltr'><strong>numinis</strong></span> <span class='ocrx_word' id='word_1_154' title='bbox 701 2476 801 2539; x_wconf 89' lang='lat' dir='ltr'><strong>divini</strong></span> <span class='ocrx_word' id='word_1_155' title='bbox 823 2471 935 2536; x_wconf 85' lang='lat' dir='ltr'><strong>laudes</strong></span> <span class='ocrx_word' id='word_1_156' title='bbox 950 2494 1136 2567; x_wconf 87' lang='lat' dir='ltr'><strong>morumque</strong></span> <span class='ocrx_word' id='word_1_157' title='bbox 1150 2485 1328 2557; x_wconf 86' lang='lat' dir='ltr'><strong>praecepta,</strong></span> 
     </span>
     <span class='ocr_line' id='line_1_20' title="bbox 110 2589 1349 2677; baseline -0.005 -21"><span class='ocrx_word' id='word_1_158' title='bbox 110 2607 236 2677; x_wconf 88' lang='lat' dir='ltr'><strong>praeter</strong></span> <span class='ocrx_word' id='word_1_159' title='bbox 257 2595 365 2656; x_wconf 83' lang='lat' dir='ltr'><strong>tristes</strong></span> <span class='ocrx_word' id='word_1_160' title='bbox 389 2591 548 2656; x_wconf 85' lang='lat' dir='ltr'><strong>humanae</strong></span> <span class='ocrx_word' id='word_1_161' title='bbox 565 2597 666 2657; x_wconf 87' lang='lat' dir='ltr'><strong>sortis</strong></span> <span class='ocrx_word' id='word_1_162' title='bbox 690 2614 803 2670; x_wconf 81' lang='lat' dir='ltr'><strong>casua,</strong></span> <span class='ocrx_word' id='word_1_163' title='bbox 817 2589 927 2669; x_wconf 86' lang='lat' dir='ltr'><strong>bella,</strong></span> <span class='ocrx_word' id='word_1_164' title='bbox 951 2611 1093 2669; x_wconf 88' lang='lat' dir='ltr'><strong>amores,</strong></span> <span class='ocrx_word' id='word_1_165' title='bbox 1113 2610 1193 2676; x_wconf 83' lang='lat' dir='ltr'><strong>ques</strong></span> <span class='ocrx_word' id='word_1_166' title='bbox 1216 2592 1329 2674; x_wconf 84' lang='lat' dir='ltr'><strong>pingit,</strong></span> <span class='ocrx_word' id='word_1_167' title='bbox 1339 2654 1349 2673; x_wconf 71' lang='lat'><strong>-‚</strong></span> 
     </span>
     <span class='ocr_line' id='line_1_21' title="bbox 110 2709 1329 2796; baseline -0.002 -22"><span class='ocrx_word' id='word_1_168' title='bbox 110 2714 309 2775; x_wconf 85' lang='lat' dir='ltr'><strong>diversarum</strong></span> <span class='ocrx_word' id='word_1_169' title='bbox 332 2710 436 2775; x_wconf 88' lang='lat' dir='ltr'><strong>adbuc</strong></span> <span class='ocrx_word' id='word_1_170' title='bbox 453 2732 558 2776; x_wconf 87' lang='lat' dir='ltr'><strong>retum</strong></span> <span class='ocrx_word' id='word_1_171' title='bbox 576 2713 822 2796; x_wconf 80' lang='lat' dir='ltr'><strong>descriptiones,</strong></span> <span class='ocrx_word' id='word_1_172' title='bbox 844 2712 1062 2786; x_wconf 87' lang='lat' dir='ltr'><strong>narrationes,</strong></span> <span class='ocrx_word' id='word_1_173' title='bbox 1085 2709 1329 2792; x_wconf 84' lang='lat' dir='ltr'><strong>disputationes,</strong></span> 
     </span>
     <span class='ocr_line' id='line_1_22' title="bbox 108 2824 1330 2916; baseline -0.007 -23"><span class='ocrx_word' id='word_1_174' title='bbox 108 2832 277 2916; x_wconf 90' lang='lat' dir='ltr'><strong>omnisque</strong></span> <span class='ocrx_word' id='word_1_175' title='bbox 296 2831 424 2915; x_wconf 87' lang='lat' dir='ltr'><strong>generis</strong></span> <span class='ocrx_word' id='word_1_176' title='bbox 441 2827 526 2893; x_wconf 86' lang='lat' dir='ltr'><strong>sales</strong></span> <span class='ocrx_word' id='word_1_177' title='bbox 548 2842 647 2914; x_wconf 78' lang='lat' dir='ltr'><strong>atque.</strong></span> <span class='ocrx_word' id='word_1_178' title='bbox 663 2828 794 2894; x_wconf 80' lang='lat' dir='ltr'><strong>facetias</strong></span> <span class='ocrx_word' id='word_1_179' title='bbox 810 2828 953 2892; x_wconf 85' lang='lat' dir='ltr'><strong>exhibet.</strong></span> <span class='ocrx_word' id='word_1_180' title='bbox 993 2827 1132 2890; x_wconf 69' lang='lat' dir='ltr'><strong>Padaeus</strong></span> <span class='ocrx_word' id='word_1_181' title='bbox 1147 2824 1330 2889; x_wconf 88' lang='lat' dir='ltr'><strong>Hebraicae</strong></span> 
     </span>
     <span class='ocr_line' id='line_1_23' title="bbox 110 2938 1329 3031; baseline -0.005 -21"><span class='ocrx_word' id='word_1_182' title='bbox 110 2968 169 3031; x_wconf 91' lang='lat' dir='ltr'><strong>pro</strong></span> <span class='ocrx_word' id='word_1_183' title='bbox 190 2950 316 3010; x_wconf 85' lang='lat' dir='ltr'><strong>ratione</strong></span> <span class='ocrx_word' id='word_1_184' title='bbox 343 2944 489 3025; x_wconf 87' lang='lat' dir='ltr'><strong>illorum,</strong></span> <span class='ocrx_word' id='word_1_185' title='bbox 514 2968 594 3031; x_wconf 88' lang='lat' dir='ltr'><strong>quae</strong></span> <span class='ocrx_word' id='word_1_186' title='bbox 617 2944 722 3010; x_wconf 88' lang='lat' dir='ltr'><strong>adhuc</strong></span> <span class='ocrx_word' id='word_1_187' title='bbox 743 2959 932 3031; x_wconf 85' lang='lat' dir='ltr'><strong>supersunt,</strong></span> <span class='ocrx_word' id='word_1_188' title='bbox 953 2946 1248 3019; x_wconf 83' lang='lat' dir='ltr'><strong>monimentorum,</strong></span> <span class='ocrx_word' id='word_1_189' title='bbox 1265 2938 1329 3005; x_wconf 86' lang='lat' dir='ltr'><strong>duo</strong></span> 
     </span>
     <span class='ocr_line' id='line_1_24' title="bbox 63 3044 1327 3149; baseline -0.006 -21"><span class='ocrx_word' id='word_1_190' title='bbox 63 3103 68 3110; x_wconf 81' lang='lat'><em>-</em></span> <span class='ocrx_word' id='word_1_191' title='bbox 110 3078 233 3128; x_wconf 85' lang='lat' dir='ltr'><strong>tantum</strong></span> <span class='ocrx_word' id='word_1_192' title='bbox 245 3084 366 3149; x_wconf 81' lang='lat' dir='ltr'><strong>genera</strong></span> <span class='ocrx_word' id='word_1_193' title='bbox 379 3067 557 3144; x_wconf 84' lang='lat' dir='ltr'><strong>statuimus,</strong></span> <span class='ocrx_word' id='word_1_194' title='bbox 573 3067 708 3148; x_wconf 74' lang='lat' dir='ltr'><strong>lyricum</strong></span> <span class='ocrx_word' id='word_1_195' title='bbox 722 3062 872 3128; x_wconf 87' lang='lat' dir='ltr'><strong>videlicet</strong></span> <span class='ocrx_word' id='word_1_196' title='bbox 886 3077 919 3126; x_wconf 88' lang='lat' dir='ltr'><strong>et</strong></span> <span class='ocrx_word' id='word_1_197' title='bbox 931 3062 1138 3132; x_wconf 80' lang='lat' dir='ltr'><strong>didacticum,</strong></span> <span class='ocrx_word' id='word_1_198' title='bbox 1162 3058 1275 3146; x_wconf 87' lang='lat' dir='ltr'><strong>quibus</strong></span> <span class='ocrx_word' id='word_1_199' title='bbox 1293 3044 1327 3121; x_wconf 85' lang='lat' dir='ltr'><strong>in</strong></span> 
     </span>
     <span class='ocr_line' id='line_1_25' title="bbox 111 3182 1328 3268; baseline -0.007 -21"><span class='ocrx_word' id='word_1_200' title='bbox 111 3182 254 3247; x_wconf 90' lang='lat' dir='ltr'><strong>Arabum</strong></span> <span class='ocrx_word' id='word_1_201' title='bbox 270 3183 360 3266; x_wconf 72' lang='lat' dir='ltr'><strong>poesi</strong></span> <span class='ocrx_word' id='word_1_202' title='bbox 376 3195 510 3267; x_wconf 86' lang='lat' dir='ltr'><strong>quatuor</strong></span> <span class='ocrx_word' id='word_1_203' title='bbox 527 3186 659 3268; x_wconf 85' lang='lat' dir='ltr'><strong>insuper</strong></span> <span class='ocrx_word' id='word_1_204' title='bbox 668 3184 841 3260; x_wconf 90' lang='lat' dir='ltr'><strong>accedunt,</strong></span> <span class='ocrx_word' id='word_1_205' title='bbox 863 3182 1115 3264; x_wconf 72' lang='lat' dir='ltr'><strong>decerptarum,</strong></span> <span class='ocrx_word' id='word_1_206' title='bbox 1138 3183 1328 3260; x_wconf 77' lang='lat' dir='ltr'><strong>satyricam,</strong></span> 
     </span>
     <span class='ocr_line' id='line_1_26' title="bbox 109 3294 1328 3386; baseline -0.007 -20"><span class='ocrx_word' id='word_1_207' title='bbox 109 3307 330 3366; x_wconf 79' lang='lat' dir='ltr'><strong>narratoriam</strong></span> <span class='ocrx_word' id='word_1_208' title='bbox 356 3315 451 3385; x_wconf 90' lang='lat' dir='ltr'><strong>atque</strong></span> <span class='ocrx_word' id='word_1_209' title='bbox 474 3308 786 3386; x_wconf 76' lang='lat' dir='ltr'><strong>epigrammaticum.</strong></span> <span class='ocrx_word' id='word_1_210' title='bbox 841 3300 964 3363; x_wconf 87' lang='lat' dir='ltr'><strong>Verum</strong></span> <span class='ocrx_word' id='word_1_211' title='bbox 993 3311 1025 3361; x_wconf 90' lang='lat' dir='ltr'><strong>et</strong></span> <span class='ocrx_word' id='word_1_212' title='bbox 1050 3301 1083 3361; x_wconf 90' lang='lat' dir='ltr'><strong>in</strong></span> <span class='ocrx_word' id='word_1_213' title='bbox 1106 3294 1174 3359; x_wconf 90' lang='lat' dir='ltr'><strong>illis</strong></span> <span class='ocrx_word' id='word_1_214' title='bbox 1193 3304 1328 3380; x_wconf 73' lang='lat' dir='ltr'><strong>poeseos</strong></span> 
     </span>
     <span class='ocr_line' id='line_1_27' title="bbox 74 3411 1329 3507; baseline -0.01 -23"><span class='ocrx_word' id='word_1_215' title='bbox 74 3477 82 3492; x_wconf 81' lang='lat'><strong>,</strong></span> <span class='ocrx_word' id='word_1_216' title='bbox 108 3419 300 3507; x_wconf 83' lang='lat' dir='ltr'><strong>generibus,</strong></span> <span class='ocrx_word' id='word_1_217' title='bbox 321 3440 403 3504; x_wconf 86' lang='lat' dir='ltr'><strong>quae</strong></span> <span class='ocrx_word' id='word_1_218' title='bbox 425 3416 568 3484; x_wconf 87' lang='lat' dir='ltr'><strong>Hebraei</strong></span> <span class='ocrx_word' id='word_1_219' title='bbox 590 3440 661 3483; x_wconf 91' lang='lat' dir='ltr'><strong>cum</strong></span> <span class='ocrx_word' id='word_1_220' title='bbox 684 3417 1049 3482; x_wconf 85' lang='lat' dir='ltr'><strong>Arabibuscommunia</strong></span> <span class='ocrx_word' id='word_1_221' title='bbox 1073 3413 1213 3492; x_wconf 90' lang='lat' dir='ltr'><strong>babent,</strong></span> <span class='ocrx_word' id='word_1_222' title='bbox 1242 3411 1329 3475; x_wconf 89' lang='lat' dir='ltr'><strong>haud</strong></span> 
     </span>
     <span class='ocr_line' id='line_1_28' title="bbox 108 3532 1328 3625; baseline -0.01 -22"><span class='ocrx_word' id='word_1_223' title='bbox 108 3560 222 3625; x_wconf 88' lang='lat' dir='ltr'><strong>parum</strong></span> <span class='ocrx_word' id='word_1_224' title='bbox 246 3538 369 3602; x_wconf 90' lang='lat' dir='ltr'><strong>obtinet</strong></span> <span class='ocrx_word' id='word_1_225' title='bbox 390 3539 594 3601; x_wconf 85' lang='lat' dir='ltr'><strong>discriminis.</strong></span> <span class='ocrx_word' id='word_1_226' title='bbox 639 3538 764 3621; x_wconf 71' lang='lat' dir='ltr'><strong>byrsae</strong></span> <span class='ocrx_word' id='word_1_227' title='bbox 785 3535 1006 3599; x_wconf 89' lang='lat' dir='ltr'><strong>Hebraeorum</strong></span> <span class='ocrx_word' id='word_1_228' title='bbox 1027 3533 1133 3616; x_wconf 77' lang='lat' dir='ltr'><strong>petisia</strong></span> <span class='ocrx_word' id='word_1_229' title='bbox 1156 3532 1328 3593; x_wconf 82' lang='lat' dir='ltr'><strong>maximam</strong></span> 
     </span>
     <span class='ocr_line' id='line_1_29' title="bbox 110 3648 1330 3745; baseline -0.01 -25"><span class='ocrx_word' id='word_1_230' title='bbox 110 3673 234 3745; x_wconf 89' lang='lat' dir='ltr'><strong>partem</strong></span> <span class='ocrx_word' id='word_1_231' title='bbox 258 3657 385 3741; x_wconf 83' lang='lat' dir='ltr'><strong>hymnis</strong></span> <span class='ocrx_word' id='word_1_232' title='bbox 407 3659 441 3719; x_wconf 92' lang='lat' dir='ltr'><strong>in</strong></span> <span class='ocrx_word' id='word_1_233' title='bbox 459 3656 564 3718; x_wconf 89' lang='lat' dir='ltr'><strong>Deum</strong></span> <span class='ocrx_word' id='word_1_234' title='bbox 586 3653 748 3742; x_wconf 80' lang='lat' dir='ltr'><strong>elegisque</strong></span> <span class='ocrx_word' id='word_1_235' title='bbox 770 3660 804 3719; x_wconf 92' lang='lat' dir='ltr'><strong>in</strong></span> <span class='ocrx_word' id='word_1_236' title='bbox 820 3657 927 3718; x_wconf 86' lang='lat' dir='ltr'><strong>tristes</strong></span> <span class='ocrx_word' id='word_1_237' title='bbox 942 3648 1049 3736; x_wconf 89' lang='lat' dir='ltr'><strong>populi</strong></span> <span class='ocrx_word' id='word_1_238' title='bbox 1064 3648 1218 3712; x_wconf 90' lang='lat' dir='ltr'><strong>Hebraici</strong></span> <span class='ocrx_word' id='word_1_239' title='bbox 1236 3666 1330 3710; x_wconf 84' lang='lat' dir='ltr'><strong>casus</strong></span> 
     </span>
     <span class='ocr_line' id='line_1_30' title="bbox 110 3767 1416 3855; baseline -0.012 -15"><span class='ocrx_word' id='word_1_240' title='bbox 110 3779 317 3850; x_wconf 84' lang='lat' dir='ltr'><strong>continetur3</strong></span> <span class='ocrx_word' id='word_1_241' title='bbox 360 3776 502 3838; x_wconf 88' lang='lat' dir='ltr'><strong>carmina</strong></span> <span class='ocrx_word' id='word_1_242' title='bbox 530 3774 677 3853; x_wconf 81' lang='lat' dir='ltr'><strong>heroica,</strong></span> <span class='ocrx_word' id='word_1_243' title='bbox 717 3775 871 3837; x_wconf 89' lang='lat' dir='ltr'><strong>amatoria</strong></span> <span class='ocrx_word' id='word_1_244' title='bbox 902 3770 1081 3851; x_wconf 83' lang='lat' dir='ltr'><strong>neniaeque</strong></span> <span class='ocrx_word' id='word_1_245' title='bbox 1118 3767 1329 3850; x_wconf 88' lang='lat' dir='ltr'><strong>paucissimae</strong></span> <span class='ocrx_word' id='word_1_246' title='bbox 1413 3850 1416 3855; x_wconf 24' lang='lat'><em>⁴</em></span> 
     </span>
     <span class='ocr_line' id='line_1_31' title="bbox 111 3883 1328 3977; baseline -0.01 -20"><span class='ocrx_word' id='word_1_247' title='bbox 111 3894 287 3968; x_wconf 84' lang='lat' dir='ltr'><strong>habentur3</strong></span> <span class='ocrx_word' id='word_1_248' title='bbox 318 3906 430 3958; x_wconf 87' lang='lat' dir='ltr'><strong>eontra</strong></span> <span class='ocrx_word' id='word_1_249' title='bbox 455 3891 617 3956; x_wconf 87' lang='lat' dir='ltr'><strong>Arabibus</strong></span> <span class='ocrx_word' id='word_1_250' title='bbox 645 3913 768 3977; x_wconf 82' lang='lat' dir='ltr'><strong>magna</strong></span> <span class='ocrx_word' id='word_1_251' title='bbox 789 3892 880 3973; x_wconf 90' lang='lat' dir='ltr'><strong>copia</strong></span> <span class='ocrx_word' id='word_1_252' title='bbox 909 3888 1083 3950; x_wconf 86' lang='lat' dir='ltr'><strong>carminum</strong></span> <span class='ocrx_word' id='word_1_253' title='bbox 1114 3883 1328 3962; x_wconf 89' lang='lat' dir='ltr'><strong>heroicorum,</strong></span> 
     </span>
     <span class='ocr_line' id='line_1_32' title="bbox 111 4001 1331 4095; baseline -0.011 -20"><span class='ocrx_word' id='word_1_254' title='bbox 111 4015 341 4076; x_wconf 89' lang='lat' dir='ltr'><strong>amatorierum</strong></span> <span class='ocrx_word' id='word_1_255' title='bbox 360 4013 600 4095; x_wconf 87' lang='lat' dir='ltr'><strong>neniarumque.</strong></span> <span class='ocrx_word' id='word_1_256' title='bbox 634 4008 721 4073; x_wconf 88' lang='lat' dir='ltr'><strong>luter</strong></span> <span class='ocrx_word' id='word_1_257' title='bbox 728 4008 956 4073; x_wconf 82' lang='lat' dir='ltr'><strong>Hebraeorum</strong></span> <span class='ocrx_word' id='word_1_258' title='bbox 973 4001 1179 4087; x_wconf 86' lang='lat' dir='ltr'><strong>Arabumque</strong></span> <span class='ocrx_word' id='word_1_259' title='bbox 1194 4001 1331 4065; x_wconf 79' lang='lat' dir='ltr'><strong>beroien</strong></span> 
     </span>
     <span class='ocr_line' id='line_1_33' title="bbox 110 4118 1329 4214; baseline -0.009 -21"><span class='ocrx_word' id='word_1_260' title='bbox 110 4136 260 4195; x_wconf 78' lang='lat' dir='ltr'><strong>carmina</strong></span> <span class='ocrx_word' id='word_1_261' title='bbox 284 4129 315 4192; x_wconf 89' lang='lat' dir='ltr'><strong>id</strong></span> <span class='ocrx_word' id='word_1_262' title='bbox 337 4150 462 4214; x_wconf 83' lang='lat' dir='ltr'><strong>quoque</strong></span> <span class='ocrx_word' id='word_1_263' title='bbox 482 4127 651 4192; x_wconf 84' lang='lat' dir='ltr'><strong>intercedit</strong></span> <span class='ocrx_word' id='word_1_264' title='bbox 671 4126 883 4205; x_wconf 85' lang='lat' dir='ltr'><strong>discriminis,</strong></span> <span class='ocrx_word' id='word_1_265' title='bbox 907 4122 989 4209; x_wconf 88' lang='lat' dir='ltr'><strong>quod</strong></span> <span class='ocrx_word' id='word_1_266' title='bbox 1011 4125 1044 4185; x_wconf 91' lang='lat' dir='ltr'><strong>in</strong></span> <span class='ocrx_word' id='word_1_267' title='bbox 1064 4119 1129 4185; x_wconf 88' lang='lat' dir='ltr'><strong>illia</strong></span> <span class='ocrx_word' id='word_1_268' title='bbox 1143 4140 1207 4184; x_wconf 88' lang='lat' dir='ltr'><strong>non</strong></span> <span class='ocrx_word' id='word_1_269' title='bbox 1224 4118 1329 4185; x_wconf 81' lang='lat' dir='ltr'><strong>homi-</strong></span> 
     </span>
    </p>
   </div>
   <div class='ocr_carea' id='block_1_7' title="bbox 0 0 1456 4942">
    <p class='ocr_par' dir='ltr' id='par_1_7' title="bbox 0 0 1456 4942">
     <span class='ocr_line' id='line_1_34' title="bbox 0 0 1456 4942; baseline 0 0"><span class='ocrx_word' id='word_1_270' title='bbox 0 0 1456 4942; x_wconf 95' lang='lat' dir='ltr'><strong> </strong></span> 
     </span>
    </p>
   </div>
  </div>
 </body>
</html>
