2904 4942
589 306 781 386 Comparatio.
1218 266 1222 273 θ
1258 314 1300 375 53

63 470 272 555 cunscdptl,
309 482 343 535 et
367 469 408 535 sd
430 468 665 537 humanitatem
684 473 823 537 instituti
850 471 1009 553 luisseut3
1037 471 1163 540 Arabes
1187 489 1301 541 contra

65 587 121 653 vel
143 590 246 668 meri,
282 585 336 673 vel
358 589 557 655 desertorum
580 591 729 654 vastitate
743 598 777 653 'a
799 587 989 657 cultioribus
1009 588 1137 676 populis
1158 593 1298 671 discreti,

65 711 105 774 iu
123 710 210 779 vitas
228 703 400 792 pastoralis
428 705 631 792 simplicitate
660 721 756 795 atque
783 709 911 776 feritate
939 710 1118 773 diutissime
1146 732 1298 796 perseve-

68 837 206 891 rassent.
255 822 293 890 ld
320 827 475 910 temporis
503 827 696 904 discrimen,
734 827 818 912 quod
847 828 931 891 iuter
960 797 1184 892 Hebraeorum
1213 829 1298 893 Are-

67 942 208 1030 bumque
233 943 345 1028 poe'sin
367 944 555 1020 intercedit,
591 942 675 1009 baad
705 965 818 1028 parum
842 944 882 1008 ad
905 942 1047 1008 indolem
1070 966 1196 1033 quoqne
1217 956 1297 1032 pob-

64 1079 163 1139 seos,
199 1060 267 1125 imo
288 1074 322 1125 et
343 1058 524 1147 linguarum
548 1064 712 1148 utriusque
741 1061 851 1150 populi
872 1060 1012 1128 valuisse
1034 1064 1171 1129 videtur.
1222 1064 1295 1129 He·

63 1179 236 1261 braeorom
264 1181 390 1264 poesis,
425 1193 457 1244 et
484 1181 610 1266 ipsein
632 1181 818 1244 universum
840 1162 968 1267 lingua,
1003 1178 1182 1266 simplicior
1204 1184 1294 1268 poesi

63 1294 239 1383 linquique
254 1295 415 1372 Arabicam
439 1297 473 1362 id
495 1298 578 1383 qnod
602 1299 793 1385 praeprimis
815 1320 834 1365 a
856 1300 972 1383 majori
994 1296 1082 1363 illius
1104 1301 1292 1386 antiquitate

64 1415 273 1502 repetendum
291 1436 419 1480 censeo.
463 1412 611 1502 Namque
629 1436 668 1479 eo
687 1428 844 1500 ternpore,
867 1438 929 1502 quo
944 1417 1168 1483 Hebraeorum
1185 1420 1292 1504 poesis

61 1549 93 1599 et
108 1533 221 1621 lingua
242 1537 278 1599 in
299 1535 484 1599 universum
507 1532 637 1599 exculta
656 1534 733 1612 init,
758 1536 865 1598 minus
885 1536 1036 1620 frequens
1053 1536 1137 1600 inter
1152 1534 1290 1623 populos

61 1654 305 1730 commercium,
332 1674 430 1740 quare
448 1664 480 1716 et
494 1673 544 1731 ea,
566 1653 704 1738 qaue'ad
722 1654 845 1739 ingenii
863 1651 981 1722 cultum
996 1655 1168 1738 pertinent,
1186 1656 1304 1719 scicn-v

61 1774 126 1835 tiss
149 1785 314 1856 artesque,
338 1768 502 1835 difficilius
524 1773 609 1835 iuter
631 1771 830 1834 diversarum
854 1783 1011 1835 terrarum
1035 1771 1182 1834 homines
1203 1790 1290 1833 com·

61 1888 285 1968 mutabantur,
311 1889 410 1967 adeo,
438 1901 474 1951 ut
489 1886 609 1974 singuli
629 1890 746 1975 quique
768 1885 894 1974 populi,
917 1887 1024 1952 alieni
1046 1906 1106 1972 ope
1129 1888 1285 1967 destituti,

60 2009 192 2095 proprio
220 2004 339 2072 labore
367 2010 570 2095 propriisque
605 2004 728 2071 viribus
762 2005 803 2069 ed
838 2006 989 2069 scientias
1024 2016 1173 2090 artesque
1206 2007 1287 2069 eniti
1354 2074 1358 2085 x

60 2147 193 2194 necesse
213 2125 379 2191 habereut
423 2124 496 2201 Quo
519 2124 654 2205 lectum,
677 2137 711 2188 ut
733 2137 765 2187 et
785 2121 904 2187 lentius
926 2123 1059 2209 quaevis
1081 2123 1187 2187 studia
1208 2144 1285 2208 pro-

61 2248 231 2326 cederent,
253 2258 288 2309 et
301 2240 527 2331 simpliciorem
546 2245 717 2308 induerent
735 2243 883 2319 formam,
905 2242 990 2326 quod
1011 2243 1044 2304 in
1062 2239 1285 2307 Hebraeorum

59 2368 153 2453 poesi
179 2363 355 2451 linguisque
387 2366 535 2427 evenisse
567 2363 723 2427 videmus.
783 2359 903 2425 Contra
932 2355 990 2421 illo
1019 2371 1179 2444 tempore,
1220 2383 1284 2446 quo

57 2484 184 2551 Arabes
212 2490 348 2568 poeseos
375 2479 568 2567 linguaeque
590 2502 668 2545 suae
690 2481 798 2545 studio
819 2473 1005 2542 incumbere
1028 2489 1219 2560 coeperunt,
1252 2490 1286 2541 et

16 2604 20 2611 ⁴
58 2603 257 2690 frequentius
289 2601 375 2665 iuter
408 2598 545 2686 populos
580 2601 831 2675 commercium,
868 2607 900 2669 et
927 2590 1057 2679 populi,
1094 2595 1283 2679 quibuscum

57 2720 186 2788 Arabes
207 2721 277 2784 sive
298 2721 407 2803 pacis,
441 2720 510 2803 sive
534 2712 612 2782 belli
634 2718 858 2784 commercium
879 2711 1096 2813 exercebant,
1132 2710 1283 2777 cultiores
1409 2804 1413 2811 Ι

57 2840 174 2925 tune,
202 2839 289 2903 uude
308 2840 437 2916 evenit,
468 2850 501 2901 ut
522 2839 637 2901 artium
660 2850 754 2923 atque
776 2834 980 2899 scientiarum
1004 2831 1128 2894 semina
1149 2842 1182 2890 et
1202 2828 1283 2893 laci·
1367 2909 1374 2921 λ

55 2957 122 3025 lius
142 2957 185 3023 ab
200 2968 269 3021 'uuo
291 2956 407 3044 populo
429 2956 471 3020 ad
492 2953 624 3021 alterum
643 2957 796 3032 transire,
819 2966 867 3030 et,
890 2949 945 3012 ubi
961 2948 1165 3025 transierint,
1187 2948 1281 3012 citius

56 3091 153 3165 etque
174 3075 381 3143 artificiosius
411 3073 516 3139 excoli
550 3087 689 3159 possent.
742 3071 851 3148 Quare
873 3070 928 3132 vix
950 3066 1023 3131 fieri
1045 3067 1168 3151 potuit,
1204 3069 1280 3152 quiu

57 3212 90 3263 et
112 3199 221 3283 potitis
242 3196 276 3289 el
296 3193 407 3282 lingua
427 3191 570 3263 Arabum
594 3213 613 3255 a
634 3198 771 3277 poeseos
791 3188 982 3274 linguaeque
1002 3185 1184 3250 llebraicee
1205 3186 1281 3249 sim·

55 3314 198 3402 plicitete
219 3316 429 3394 descisceret,
458 3324 490 3376 ct
512 3308 768 3376 artificiosiorem
791 3306 925 3371 iormem
952 3305 1111 3369 indueret.

574 3514 603 3591 ς.
629 3506 762 3574 xxrv.

113 3734 117 3739 .
144 3669 241 3750 Quod
266 3668 308 3736 ad
338 3688 451 3733 causas
479 3667 617 3743 adtinet,
654 3660 769 3748 quibus
798 3660 882 3747 apud
905 3656 1074 3723 Hebraeos
1095 3651 1282 3739 Arabesque

56 3799 194 3878 poeseos
222 3789 363 3855 studium
393 3787 566 3855 excitatum
600 3795 843 3870 promotumque
872 3779 955 3858 fuit,
993 3777 1111 3861 partim
1142 3770 1281 3879 easdem,

54 3912 173 3998 partim
201 3909 345 3975 diversas
374 3900 604 3990 deprehendes.
663 3900 760 3986 Apud
791 3911 959 3982 utrumque
992 3891 1143 3980 populum
1176 3903 1283 3955 motus

56 4028 188 4112 civiles,
223 4027 356 4094 libertas
378 4021 525 4108 bellaque
547 4023 694 4106 spiritum
724 4019 882 4105 poeticum
905 4017 1144 4087 excitaverunt3
1179 4028 1282 4095 neque
1310 4072 1314 4080 ,

56 4162 165 4215 termo
194 4146 323 4215 illarum
353 4164 520 4213 musarum
550 4141 631 4207 ratio
659 4139 745 4227 apud
774 4151 941 4223 utrumque
971 4108 1122 4221 populum
1150 4148 1284 4237 prorsus
