2904 4942
106 320 149 381 70
468 386 471 395 Ι
579 317 652 376 Porr
672 315 713 375 ll.
758 315 828 392 Gap.
848 313 875 399 l.¹

110 485 147 548 ln
174 484 260 547 hunc
287 481 418 545 modum
447 481 525 546 Joat
549 483 652 544 diram
680 478 768 543 illam
798 478 921 564 patriae
950 496 1028 540 suaa
1058 486 1116 561 per'
1148 473 1344 540 locustarum

31 634 35 643 ·
115 605 245 688 agmina
269 603 495 676 vastationem,
526 620 608 685 quaa
629 601 688 664 suri
711 597 828 662 accidit
849 608 973 671 aetate,
1002 595 1142 657 numinis
1166 594 1270 657 divini
1294 595 1345 656 ira

116 705 292 782 immissam
316 719 495 801 praedicat,
520 718 727 801 hortaturque
748 712 918 800 populares
938 735 1025 790 suos,
1050 726 1084 777 ut
1101 710 1345 776 malefactorum

70 839 77 861 ’
117 836 311 920 poenitentia
342 838 556 919 precibusque
587 836 669 897 iram
700 835 840 897 divinam
870 844 1014 896 avertere
1037 832 1197 895 studeant.
1251 829 1347 894 Haud

118 952 211 1023 aliter
234 967 266 1016 et
287 923 422 1017 decadas
446 955 563 1016 damna
584 952 659 1030 illa,
693 974 774 1037 quaa
797 949 934 1016 Acdaao
957 953 1152 1033 imperante,
1182 948 1270 1011 lactti
1293 970 1350 1032 per

120 1072 233 1153 Syriae
255 1068 448 1156 Israelisque
471 1092 564 1155 reges
588 1072 791 1146 incursione,
824 1070 947 1133 ledaea
969 1053 1136 1151 acceperat
1158 1066 1227 1149 ⁵⁹),
1265 1034 1350 1130 deli-

121 1203 246 1252 ctorum
268 1208 388 1270 poenas
411 1188 517 1251 aDeo
540 1187 678 1251 inflictas
702 1189 790 1265 dicit,
818 1191 1046 1272 gravioresque
1069 1184 1108 1247 ab
1133 1183 1352 1266 Assyriisca·

119 1304 282 1369 lamitates
312 1304 427 1389 populo
458 1326 517 1375 suo
545 1289 715 1370 imminere
746 1309 925 1390 portendit,
964 1307 1027 1387 nisi
1056 1307 1084 1367 is
1113 1305 1154 1366 ad
1182 1301 1349 1367 meliorem

121 1421 248 1507 frugem
267 1442 301 1484 se
320 1427 464 1508 recipiat.
509 1421 629 1505 Neque
642 1437 747 1484 tamen
765 1422 1028 1506 vituperationem
1043 1424 1209 1505 minasque
1225 1435 1348 1486 tentum

120 1538 258 1602 fundunt
281 1539 473 1623 prophetee3
504 1554 630 1619 contra,
662 1542 785 1622 quoties
808 1538 977 1624 populares
999 1560 1075 1602 suos
1099 1538 1349 1623 reprehendunt,

122 1658 216 1718 toties
240 1656 308 1717 fere
331 1661 460 1720 eosdem
485 1661 612 1742 erigunt
634 1671 728 1737 atqua
751 1656 906 1720 solantur.
959 1658 1029 1719 Etsi
1057 1631 1191 1740 populus
1214 1656 1278 1720 Dei
1302 1661 1351 1720 in-
1388 1685 1390 1691 ·

112 1777 372 1858 ,praesentiarum
396 1789 523 1860 propter
546 1774 661 1849 delicta
683 1798 742 1838 sua
764 1777 797 1837 in
820 1779 960 1840 miseriis
983 1779 1144 1852 verseturf,
1170 1789 1297 1852 tamen,
1321 1775 1349 1837 si

79 1934 85 1941 -
120 1895 310 1976 resipuerit,
347 1894 452 1959 Deum
483 1897 588 1958 denuo
620 1895 790 1977 propitium
820 1891 970 1969 habebit,
1009 1890 1198 1975 meliorique
1227 1892 1348 1957 fruetur

123 2010 263 2073 fortuni.
308 2013 444 2075 Eveniat
467 2010 658 2093 aliquando,
683 2023 733 2085 ut,
757 2031 839 2092 quae
862 2007 1011 2094 populum
1036 2005 1233 2073 Hebraicum
1257 2031 1356 2075 vexa·

123 2141 199 2190 runt
220 2142 350 2212 gentes,
375 2153 394 2192 a
418 2128 489 2191 Deo
513 2129 686 2210 puniantur
707 2124 931 2210 Hebraeisque
952 2101 1182 2208 subjiciantur3
1212 2132 1367 2208 eveniet,

124 2244 327 2310 nt'Dava'dt'r
349 2268 390 2308 ex
416 2246 563 2328 prosapia
584 2246 723 2307 eximius
746 2242 861 2328 aliquis
890 2266 948 2309 rex
975 2259 1136 2330 emergat,
1176 2249 1271 2328 cujus
1294 2248 1355 2334 sub

123 2364 258 2445 imperio
280 2360 457 2426 laetissima
480 2360 545 2424 Dei
568 2360 685 2447 populo
709 2361 907 2446 effulgebunt
927 2375 1079 2446 tempora.
1124 2362 1161 2425 ln
1180 2364 1270 2428 hunc.
1286 2387 1356 2440 mo·

123 2481 200 2543 dum
222 2478 302 2544 Joat
322 2483 377 2564 (ut
398 2483 531 2557 iisdem,
558 2502 637 2565 quos
656 2483 724 2562 jam
746 2478 966 2560 laudavimus,
991 2481 1155 2565 prophetis
1179 2482 1355 2560 inhaereo·

123 2598 209 2680 mus)
229 2598 403 2691 populares
419 2620 496 2662 suns
514 2599 717 2674 consolatur,
742 2597 902 2676 lutururn‘,
926 2601 953 2679 si
975 2600 1014 2662 ad
1038 2598 1203 2663 meliorem
1225 2601 1354 2687 frugem

75 2694 79 2700 s
123 2702 297 2793 redierint,
321 2731 355 2781 ut
374 2737 436 2778 uon
455 2728 576 2778 tanturn
595 2699 723 2791 damna,
747 2736 827 2798 quae
850 2713 1043 2780 locustarum
1066 2720 1243 2802 irruptione
1264 2723 1354 2803 passi

7 2874 12 2882 -
38 2912 40 2916 ,
122 2835 204 2910 sint,
234 2837 471 2909 resarciantur,
503 2853 614 2895 verum
637 2836 735 2896 etiarn
758 2854 882 2896 summa
909 2833 1047 2899 felicitas
1069 2838 1148 2918 ipsis
1170 2839 1354 2925 contingam

85 2930 88 2937 ¹
123 2964 251 3028 contra,
284 2954 433 3016 inimicae
455 2950 519 3013 Dei
548 2950 664 3034 populo
687 2949 807 3035 gentes
823 2954 1023 3037 gravissimis
1044 2973 1065 3013 a
1088 2956 1219 3037 numina
1240 2957 1353 3020 divin'o

6 3104 12 3117 ι
122 3071 237 3150 poenis
259 3067 461 3132 adlicientur.
505 3068 601 3158 Haud
624 3068 717 3133 aliter
740 3082 772 3132 et
792 3068 944 3148 Jeraa‘nr,
975 3068 1124 3156 populum
1149 3093 1240 3135 suurn
1264 3091 1353 3159 post·

123 3203 216 3267 quam
240 3188 411 3269 corripuit,
435 3187 570 3249 eundem
594 3187 793 3264 consolatur,
816 3204 1002 3252 exorturum
1025 3187 1196 3273 aliquando
1215 3187 1355 3256 Davidis

124 3320 166 3363 ex
187 3302 336 3386 prosapiei
350 3323 461 3388 regem
482 3306 590 3387 pium,
610 3309 750 3388 justum,
773 3290 969 3391 sapientem,
991 3304 1087 3390 longe
1105 3304 1231 3389 lateque
1249 3310 1354 3373 donti-

124 3429 271 3494 nantem,
293 3441 356 3502 quo
378 3435 504 3507 sceptra
528 3435 656 3486 tenente
678 3444 790 3489 omnes
814 3439 925 3511 gentes
942 3418 1354 3506 Hebraeissubjioientur‚

122 3532 362 3621 laetissimaqua
383 3536 434 3601 his
457 3553 602 3624 tempora
623 3540 824 3626 effulgebunt
846 3546 906 3622 ⁸⁰).
958 3539 1054 3617 Quod
1075 3544 1103 3606 si
1125 3546 1232 3626 paucis
1256 3566 1354 3610 onrne

123 3655 346 3717 vaticiniorum
379 3654 616 3722 Hebraioorum
652 3676 875 3744 argumentum
912 3680 1077 3742 exponere
1112 3659 1219 3738 velis,
1261 3661 1355 3737 brevi

122 3768 183 3833 hac
211 3771 395 3837 absolvetur
423 3779 606 3841 sententiar
638 3777 789 3862 populum
812 3776 1010 3842 Hebraicum
1039 3778 1353 3859 falicenr·luturum,

161 4005 218 4086 59)
246 4010 311 4070 res.
333 4013 366 4084 r,
387 4012 513 4088 4-9,
544 4017 617 4089 vu,
641 4017 678 4090 1,
701 4017 730 4076 a.

161 4123 219 4205 00)
246 4127 518 4206 Jes.1x,o,.o,
543 4135 605 4210 Xl,
630 4134 645 4193 l
671 4126 761 4214 sequ.¹
847 4184 851 4195 .
