2904 4942
118 275 159 338 to
311 297 313 305 ¹
572 276 643 335 Pars
664 275 689 334 1.
734 274 804 350 Cap.
825 271 883 329 lll.

119 452 187 521 est,
210 451 246 504 ut
263 451 430 523 utrumque
454 452 674 524 argumentum
699 452 732 501 et
752 437 792 501 ad
815 437 932 523 pce'sin
950 439 1117 512 transiret3
1141 457 1240 522 quare
1264 433 1348 500 haud

122 561 254 625 minima
282 579 355 643 pars
384 558 599 641 antiquiorum
629 560 807 622 carminum
830 537 1042 619 Arabicarum
1070 552 1122 617 vel
1147 548 1351 640 singulorum

97 680 261 742 *virorum
284 673 538 761 praeclarorum,
566 673 619 738 vel
641 677 811 739 universae
833 670 971 757 alicujus
993 671 1097 736 tribus
1120 670 1233 739 laudes
1258 694 1351 757 prae·

121 795 213 858 dicat.
265 794 317 858 Ex
334 791 400 857 illis
417 793 654 857 narrationibus
675 807 708 856 et
723 790 869 870 fabulae,
904 794 983 876 quas
1004 791 1223 856 remaneam
1254 789 1350 875 vulgo

101 892 248 1000 dicunt,
286 912 445 996 originem
473 913 622 985 traxere3
664 933 744 996 quas
771 908 1028 996 elegantissimas
1055 891 1352 986 Arabes‘haheut,

124 1031 209 1117 qnod
248 1049 325 1093 vero
360 1037 497 1112 poeseos
531 1051 635 1113 genus
669 1029 753 1114 apud
783 1026 951 1091 Hebraeos
983 1025 1195 1099 desideratur,
1251 1025 1355 1091 Fuere

123 1148 276 1234 quidem,
310 1149 364 1231 qui
387 1162 419 1210 et
441 1146 538 1231 hujus
560 1149 690 1233 generis
718 1155 866 1231 poemata
894 1147 978 1208 iuter
1001 1142 1135 1208 Veteris
1156 1142 1356 1209 Testamenti

120 1265 222 1331 libros
239 1262 476 1349 deprehendere
493 1262 555 1329 sibi
571 1266 774 1339 viderentur3
797 1264 900 1342 fuere,
922 1265 976 1347 qui
996 1262 1128 1346 llrtlee
1144 1275 1176 1326 et
1188 1261 1357 1328 Ertberae

126 1382 245 1448 librum
274 1384 308 1445 in
337 1381 517 1447 fabularum
545 1381 798 1448 Romanensium
823 1402 992 1446 numerum
1013 1381 1188 1453 referrent3
1223 1395 1255 1443 at
1281 1402 1356 1445 rero

34 1578 41 1586 .
121 1513 254 1586 uterque
269 1499 363 1576 liber,
387 1502 482 1565 sicuti
503 1502 639 1567 iuferius
656 1500 942 1575 demonstrabitur,
965 1499 1127 1571 historicis
1142 1501 1248 1586 potius
1261 1497 1356 1564 libris

125 1619 395 1685 adnumerandus.
1306 1602 1310 1609 ’

632 1825 661 1902 s.
692 1788 865 1888 xxvuss
924 1781 946 1791 “’

215 1972 302 2038 luter
323 1994 453 2052 causas,
484 1973 609 2061 quibus·
625 1977 710 2062 apud
731 1924 903 2040 Hebraeos
923 1972 1110 2071 Arabesque
1132 1983 1267 2059 poe'seos
1290 1983 1355 2036 stu·

126 2091 214 2157 dium
245 2106 278 2154 et
307 2095 479 2155 excitatum
511 2107 544 2156 et
572 2106 753 2180 promotum
781 2092 863 2173 luit,
900 2106 934 2159 et
955 2094 1186 2197 prophetarum
1215 2089 1358 2170 scholas,

127 2206 291 2279 Samuelis
312 2207 470 2273 beneficio
494 2213 578 2296 apud
601 2211 771 2275 Hebraeos
793 2213 982 2293 institutas,
1011 2226 1044 2278 et
1061 2226 1236 2297 conventus
1266 2209 1358 2289 Oka·

124 2305 283 2404 dheuseS,
303 2326 343 2391 ab
362 2328 525 2425 Arabibus
551 2328 746 2407 celebratos,
772 2332 999 2398 recensuimus.
1043 2330 1200 2407 Quamvis
1220 2343 1356 2416 utroque

125 2448 183 2513 illo
206 2450 351 2513 instituto
375 2459 511 2534 poeseos
540 2451 679 2513 studium
711 2449 794 2533 apud
817 2448 986 2515 Hebraeos
1007 2449 1196 2535 Arabesque
1224 2453 1357 2538 egregie

69 2543 72 2555 ι
125 2582 307 2653 promotum
337 2567 453 2646 luerit,
490 2583 598 2632 tamen
627 2569 754 2633 diversa
776 2589 890 2632 rursus
911 2572 1076 2654 utriusque
1097 2569 1236 2632 instituti
1258 2574 1355 2638 ratio.

127 2685 163 2750 ln
186 2684 413 2770 prophetarum
436 2684 556 2751 scholis
578 2708 617 2749 ea
633 2690 774 2752 maxime
797 2687 1023 2765 tradebantur,
1047 2707 1128 2772 quae
1150 2689 1190 2751 ad
1214 2692 1357 2756 numinis

128 2804 231 2868 divini
250 2801 381 2882 cultum,
404 2826 591 2890 morumque
608 2806 843 2870 institutionem
863 2809 1075 2891 pertinerent;
1101 2827 1198 2891 quare
1213 2820 1246 2870 et
1261 2829 1358 2874 omne

127 2932 264 3007 poeseos
286 2922 443 3000 studium,
465 2924 516 2985 cui
539 2921 720 2987 scholarum
743 2921 870 2988 iliarum
894 2921 1016 2987 alumni
1038 2923 1279 3002 incumbebant,
1304 2924 1357 2990 vel

126 3039 243 3104 adres
267 3041 415 3136 divinas,
453 3038 504 3103 rel
534 3041 574 3104 ad
605 3064 729 3106 morum
760 3043 937 3106 doctrinam
968 3042 1180 3108 referebatur.
1235 3041 1357 3117 Contra

128 3177 200 3220 cum
222 3159 255 3221 in
272 3155 532 3223 Okadhensibus
550 3156 623 3222 illis
638 3162 860 3226 ‘conventibus
881 3163 1025 3227 Arabum
1049 3171 1165 3248 potitae
1189 3180 1357 3229 concerta-

54 3328 60 3333 .
127 3288 218 3351 rent,
241 3297 296 3339 eas
314 3277 512 3360 potissimum
531 3298 583 3340 res
598 3281 793 3345 carminibus
815 3269 882 3345 suis
905 3280 1129 3360 celebrabant,
1151 3304 1231 3366 quas
1252 3305 1358 3369 popu-

129 3390 253 3457 laribus
287 3396 353 3458 suis
384 3397 621 3480 acceptissimas
644 3419 715 3462 esse
746 3402 876 3464 scirent.
921 3397 1002 3463 Cum
1029 3403 1095 3484 jam
1125 3403 1206 3485 apud
1236 3405 1359 3487 priscos

127 3506 203 3573 illos
229 3509 356 3574 Arabes
388 3516 443 3576 rix
473 3516 645 3601 quidquam
675 3520 755 3581 tanti
785 3491 1169 3606 aestimaretur,quanti
1200 3523 1356 3587 fortitudo

39 3627 47 3637 '
128 3626 246 3692 bellica
268 3642 301 3728 et
321 3628 543 3716 hospitalitas,
574 3637 609 3697 in
631 3634 682 3700 his
703 3640 842 3700 maxima
865 3637 1036 3703 virtutibus
1058 3636 1259 3704 celebrandis
1283 3611 1358 3728 poti·

128 3760 180 3812 tae
206 3746 334 3813 Oladlrr'
355 3765 576 3816 concertantes
599 3755 810 3819 desudabant.
1146 3830 1151 3838 ,

215 3865 310 3942 Quod
333 3871 362 3932 si
379 3890 434 3950 ea,
460 3892 540 3956 quae
563 3869 718 3947 hactenus
740 3853 779 3937 de
801 3883 939 3961 poeseos
957 3874 1257 3962 Hebraicaeatspue
1272 3876 1357 3943 Ara-

128 3983 221 4048 hicae
243 3987 348 4050 causis
369 3988 527 4073 disputata
549 4003 635 4069 sunt,
658 3988 805 4077 colligas,
827 3994 1058 4081 deprehendes,
1082 3995 1166 4080 apud
1185 3993 1356 4063 Hebraeos

130 4102 326 4168 omniafere
348 4127 386 4170 eo
408 4121 592 4192 spectasse,
616 4121 651 4174 nt
672 4113 784 4197 poesin
805 4110 847 4182 ad
869 4133 921 4177 res
944 4135 1053 4179 meras
1075 4113 1263 4201 divinasque
1278 4117 1356 4183 diri·
