2904 4942
109 340 172 400 204
552 333 624 392 Part
644 332 701 392 111.
738 331 809 409 Gap.
830 330 887 390 ΠΙ.

108 500 375 588 splendidissimis
404 497 569 564 coloribus
595 495 785 593 illustratur.
835 497 948 561 loesso
976 500 1083 559 autem
1114 494 1253 559 carmini
1283 489 1328 556 illi

108 638 237 682 ssusum
259 615 405 682 altiorem
425 620 511 681 iuter
532 628 638 679 cetera
659 635 702 678 ex
728 613 937 699 sequentibus
965 612 1072 678 discas
1092 608 1280 677 versiculis:

546 753 673 841 Qus>
697 725 835 817 obluit
861 730 912 837 δέ
939 761 1021 850 poia

507 870 632 1005 ms,
659 882 734 967 ccc
758 903 835 986 psa
861 907 900 990 o,
928 903 1022 983 usos

468 1110 471 1117 ·
524 1052 625 1132 a&
650 1035 687 1152 ἐι
713 1037 819 1138 sorr
845 1053 888 1143 u
911 1057 1021 1143 wo

342 1184 1020 1307 sstsosffisffaffeartp

174 1356 373 1420 'Praecessit
394 1373 505 1417 omues
528 1338 579 1418 res
600 1369 723 1419 creatas
752 1357 907 1420 memoria
930 1357 1001 1439 ejus
1030 1354 1125 1440 (vini)

196 1473 398 1559 Antiquitas,
421 1468 510 1535 oolla
529 1485 594 1535 turn
613 1474 673 1557 (rei
688 1471 840 1557 alicujus)
861 1473 982 1578 forma,
1006 1468 1128 1537 nullum
1151 1469 1327 1555 vestigium.

85 1586 88 1591 ’
161 1645 164 1651 .
195 1578 362 1656 Excitatus
383 1602 456 1654 suot
479 1610 536 1674 per
557 1587 637 1653 illud
659 1591 797 1674 (omues)
820 1613 892 1670 res,
913 1593 1029 1655 deinde
1052 1591 1210 1676 sapientiis
1232 1587 1293 1652 suri

197 1711 278 1774 Sese
299 1707 461 1771 subtraxit
483 1706 651 1785 omnibus,
682 1711 735 1793 qui
756 1706 974 1794 intelligentiis
995 1711 1139 1773 destituti
1160 1719 1247 1772 sunt.

77 1828 82 1837 “
112 1825 203 1904 Quae
227 1825 288 1889 boc
308 1822 380 1890 loco
404 1827 443 1890 de
464 1828 539 1889 vino
563 1827 805 1911 praedicantur,
829 1848 1027 1912 nequaquam
1049 1828 1197 1912 proprie,
1219 1845 1326 1889 verum

110 1943 247 2031 figurata
270 1944 310 2007 de
328 1941 399 2007 Deo
421 1963 494 2007 esse
517 1940 741 2028 intelligenda,
767 1948 927 2009 neminem
949 1944 1043 2030 fugit,
1075 1943 1164 2008 Hinc
1186 1940 1326 2029 colligas,

19 2117 23 2126 .
110 2077 218 2127 cetera
249 2081 392 2146 quoque,
430 2076 529 2145 quae,
569 2063 634 2125 nisi
663 2063 816 2126 orationis
847 2083 965 2126 nexum
996 2064 1171 2148 respicias,
1201 2063 1327 2127 omnino

110 2201 207 2243 seusu
230 2179 360 2263 proprio
382 2180 483 2263 accipi
506 2191 654 2261 possent,
684 2177 857 2266 allegorice
879 2200 950 2244 esse
972 2179 1225 2266 interpretanda.

612 2431 724 2505 (inp.
754 2435 831 2490 111.

483 2571 964 2638 Comparatio.

644 2743 673 2818 5.
709 2735 794 2801 Clll.

197 2853 354 2932 Quatuor-
378 2852 505 2921 dicendi
534 2875 673 2940 genera,
710 2859 852 2941 simplex
879 2853 1048 2935 videlicet,
1086 2859 1326 2933 valentiorum,

113 2973 249 3041 sublime
272 2988 366 3058 atque
380 2973 590 3058 figuratum,
619 2977 765 3059 poeticae
786 2956 1009 3039 Hebraeorum
1041 2948 1179 3038 orationi
1205 2975 1329 3058 propria

112 3113 202 3170 esse,
225 3092 421 3176 eademque,
443 3093 675 3155 sententiosum
697 3096 726 3157 si
748 3096 909 3177 excipias,
930 3091 1073 3157 Arabum
1090 3113 1216 3178 quoque
1230 3093 1328 3177 poesi,

113 3211 253 3273 maxime
273 3209 461 3292 antiquiori,
490 3213 662 3272 convenire
684 3211 985 3275 demonstravimus.
1037 3207 1132 3286 Quod
1156 3213 1330 3274 sententio·

113 3348 182 3391 som
205 3326 333 3389 dicandi
355 3347 457 3410 genus
478 3323 620 3391 Arabum
646 3331 736 3412 possi
765 3350 828 3391 uon
851 3329 1038 3405 tribuimus,
1069 3347 1269 3412 nequaquam
1290 3329 1330 3389 ito

112 3441 251 3529 intelligi
274 3441 426 3520 velimus,
448 3465 486 3507 ac
507 3446 536 3507 si
557 3468 659 3531 genus
680 3445 760 3511 illud
782 3469 801 3510 a
819 3447 1014 3512 carminibus
1030 3444 1180 3509 Arabicis
1202 3447 1330 3509 omniuo

114 3561 254 3627 alienum
283 3562 339 3625 sit.
384 3557 506 3625 Contra
535 3563 634 3627 multa
656 3567 688 3627 in
711 3561 856 3629 Arabum
885 3585 1010 3650 quoque
1032 3561 1230 3627 carminibus
1258 3583 1331 3627 seu·

86 3706 88 3711 ’
115 3680 367 3765 teotiosexdicta
395 3681 558 3755 iuvenies3
588 3684 665 3766 quin
695 3684 799 3746 omnis
830 3702 940 3747 eorum
972 3679 1182 3768 proverbialis
1211 3682 1328 3766 poesis,

114 3817 295 3883 quassans
318 3795 403 3861 baud
423 3801 541 3882 exigua
564 3812 631 3871 est,
667 3800 699 3861 id
723 3800 849 3864 dicendi
869 3822 971 3886 genus
994 3801 1155 3885 proprium
1177 3798 1242 3862 sibi
1263 3800 1331 3863 viu·

115 3916 209 3979 dicat.
253 3912 366 3999 Neque
388 3927 495 3978 tamen
525 3917 558 3976 in
581 3920 695 3980 ceteris
718 3926 853 4003 poeseos
877 3919 1034 3982 Arabicae
1056 3915 1229 4002 generibus
1252 3918 1330 3980 adeo

114 4046 245 4120 regnat,
282 4053 373 4116 quam
408 4034 442 4095 io
472 4031 695 4099 Hebraeorum
725 4040 833 4120 poesi,
869 4038 1003 4122 quaeum
1035 4037 1330 4118 conjunctissimo·

116 4149 361 4236 omniquidem
384 4151 488 4213 omnis
511 4159 647 4234 poeseos
665 4152 847 4219 Hebraicae
865 4151 1033 4237 rhythmus
1055 4153 1185 4217 uoooisi
1205 4151 1239 4216 is
1260 4171 1333 4216 sou-
