2904 4942
82 317 168 387 ,rm
486 354 490 361 .
559 309 632 369 rm
651 307 825 383 ιιι-σῳ.
845 304 871 362 ι.
906 340 909 345 -

111 478 286 554 Omanae,
325 475 477 539 ooruibua
505 473 620 538 ferrei·
646 475 838 537 instructura
866 486 972 532 eoram
1002 464 1107 531 trum
1125 460 1334 550 laremque

108 596 239 681 regibur
254 599 492 678 comparuisse,
513 589 642 676 illioque
660 591 878 675 praedixitne,
899 587 1081 650 Aia-aeon
1094 594 1335 667 uuquam-eur·-

110 714 206 778 nibue
227 711 267 776 ab
289 714 370 796 ipaia
390 723 584 796 prostratum
606 713 656 774 iri.
689 711 762 774 lam
787 727 864 770 varo
886 704 941 769 ubi
961 705 1111 767 ratininia
1131 723 1193 766 aua
1207 701 1336 785 euripila

111 832 300 895 mltudarent
321 829 513 915 prophetae,
539 827 590 892 vel
611 827 684 891 illae
707 829 850 890 notiones
868 821 1077 906 symbolioau,
1097 842 1179 905 quae
1200 841 1238 883 re
1260 818 1344 899 vert,

112 953 145 1013 in
177 965 349 1033 eouepeetu
379 945 489 1033 populi
519 957 794 1032 perpetraverunt,
830 942 882 1006 vel
911 941 1003 1005 fiatur
1031 939 1125 1004 aliur.
1141 937 1334 1012 nerrabaut3

113 1067 198 1143 unde
225 1066 344 1130 lautum
374 1079 442 1143 ert,
476 1077 512 1129 ut
539 1063 749 1146 symboliouru
778 1061 859 1126 illud
886 1058 938 1123 vel
966 1057 1186 1145 parabolicum
1207 1057 1336 1121 dicentii

60 1193 77 1201 ”
117 1205 220 1270 genua
249 1185 381 1275 eaepiur¹
407 1183 442 1245 in
473 1183 600 1266 roriptir
628 1182 821 1266 propheticis
848 1191 1005 1243 oeourrat.
1062 1173 1337 1251 Quemadmodu-

114 1308 221 1364 autem
242 1299 466 1367 Hebraeorum
488 1310 603 1384 poetae
631 1298 787 1384 imaginor
818 1318 893 1362 auae
922 1298 956 1363 in
985 1296 1168 1358 unirerrnm
1195 1297 1338 1359 maxime

115 1416 166 1482 vel
189 1440 209 1482 a
230 1418 326 1483 rebuu
347 1415 564 1494 naturalibus,
594 1415 647 1479 vel
668 1439 710 1480 ex
731 1418 823 1479 -vitae
843 1415 1022 1479 communie
1048 1433 1108 1476 nan
1130 1417 1335 1478 mutuenturr

113 1540 159 1601 ita
181 1540 278 1602 etiam
298 1533 486 1622 parabolae,
508 1536 623 1620 quibua
644 1548 792 1613 utuntur,
814 1557 856 1600 ex
873 1548 1008 1617 utroque
1023 1530 1081 1595 illo
1097 1532 1190 1596 fonte
1211 1546 1250 1596 nt
1269 1530 1338 1618 plu·

114 1655 234 1759 nimum
255 1655 401 1718 derivare
421 1651 538 1718 rolant.
583 1654 638 1718 Sia
658 1655 820 1759 Ezechiel
844 1676 912 1738 eep
933 1652 1033 1718 xvii
1046 1655 1146 1738 'regie
1165 1650 1340 1736 Infectam

115 1792 173 1856 per
197 1772 516 1848 ,Nebucudmurert
544 1775 577 1838 in
609 1775 743 1839 exilium
773 1774 1025 1857 deportationem
1053 1770 1175 1837 rumuli
1202 1773 1336 1850 oedmni,

115 1890 157 1955 ab
185 1889 294 1976 aquilei
328 1891 518 1975 praegrandi
546 1894 579 1955 in
607 1907 716 1956 moute
744 1893 875 1959 Libone
902 1892 1059 1975 tleeerpti,
1095 1902 1133 1953 et
1156 1891 1192 1952 iu
1219 1910 1339 1954 merua·

116 2011 228 2073 teriam
254 2009 367 2073 urbem
397 2006 495 2075 deleti
524 2008 678 2094 parabola
706 2024 940 2096 repraesentatr
977 2012 1025 2074 aio
1051 2008 1188 2074 Jeror‘or
1213 2028 1285 2094 eap.
1305 2006 1337 2072 V

117 2125 225 2222 populi
252 2127 407 2190 Hebraiai
436 2132 676 2210 perversitatem
707 2132 821 2193 vineae
853 2130 937 2194 bena
966 2128 1094 2213 quidem
1122 2125 1254 2205 oollae,
1283 2124 1338 2190 eal

117 2241 278 2327 agrioolae
300 2266 389 2330 spem
411 2243 581 2309 sterilitate
602 2249 662 2310 rui
682 2245 858 2326 eludentis,
880 2251 1020 2333 imagine
1042 2249 1160 2333 pingit,
1182 2249 1230 2310 eie
1245 2245 1340 2311 Jere·

119 2367 201 2426 trior
231 2364 371 2428 eundem
398 2360 562 2447 pupulum,
600 2361 702 2429 Jovae
738 2368 896 2452 quondam
926 2365 1096 2444 dilectum,
1137 2366 1194 2429 eorl
1231 2379 1339 2451 postea

119 2495 300 2565 corruptum
330 2494 425 2566 atque
454 2483 628 2564 rejeutum,
661 2483 781 2570 cinguli
808 2484 900 2548 lintei
933 2484 1088 2570 parabola
1118 2486 1221 2576 eletit,
1255 2485 1338 2571 qnotl

57 2621 59 2625 ⁴
121 2599 275 2683 propheta
306 2601 443 2683 primum
477 2598 598 2666 lumbis
630 2600 864 2686 applicaverat,
904 2603 1022 2667 deinde
1052 2572 1164 2667 'Juvae'
1182 2605 1278 2685 jucun
1306 2592 1343 2666 in

120 2729 229 2799 petrae
249 2715 398 2782 fieaurum
422 2717 649 2795 absconderat,
674 2742 736 2805 quo
758 2723 791 2784 iu
809 2720 883 2785 loeo
903 2725 1055 2806 temporis
1072 2742 1222 2784 successu
1241 2733 1340 2784 totum

122 2838 321 2917 computruit.
367 2835 430 2899 Sed
454 2836 554 2901 multo
576 2838 773 2924 frequentino
788 2837 1013 2911 Hebraeorum
1036 2839 1212 2925 prophetae
1235 2839 1342 2927 populi

24 3024 27 3029 ἱ
121 2952 171 3011 eui
193 2953 388 3036 impietatem
414 2959 525 3020 uxorin
552 2957 719 3022 adulterae
751 2957 903 3042 parabolri
930 2971 1186 3043 repraesentant.
1230 2959 1343 3024 Solent
1376 3035 1378 3038 ¹

120 3069 206 3132 enim
228 3069 371 3134 Hebraei
393 3087 510 3136 eratum
532 3073 621 3137 illum
651 3078 911 3158 conjunctionem
941 3088 1035 3161 atque
1064 3076 1343 3156 neoaerituelinerr,

121 3207 214 3269 quam
244 3189 306 3252 eibi
337 3211 409 3253 oum
435 3191 507 3254 Deo
534 3197 734 3259 intercedere
763 3195 933 3280 putebant,
965 3197 1342 3280 matrimoniiimagine,

123 3305 157 3367 in
184 3306 246 3388 quir
276 3305 366 3372 Deua
397 3313 520 3387 mariti,
551 3313 685 3398 populun
714 3312 894 3376 Hebraiour
924 3334 1002 3377 vero
1031 3316 1143 3378 uxoria
1171 3332 1345 3398 perrona·

123 3426 314 3501 sustineret,
337 3430 445 3491 animo
464 3453 652 3519 proponere.
693 3429 802 3506 Quare
823 3434 852 3495 ri
874 3429 1008 3515 populun
1030 3430 1137 3495 aDeu
1159 3451 1251 3509 vero,
1274 3444 1343 3494 tan·

127 3560 220 3628 quam
245 3547 359 3608 marito
380 3568 459 3627 ruo,
483 3549 650 3628 deficeret,
671 3549 881 3634 fictorumque
897 3548 1038 3612 Deorum
1061 3547 1179 3613 uultum
1195 3570 1345 3634 requera-

126 3674 193 3738 tur,
224 3684 263 3726 ea
286 3664 422 3730 delectio
445 3667 529 3732 buurl
553 3667 664 3746 aliter,
693 3687 731 3728 uo
752 3669 780 3729 ri
802 3665 999 3735 adulterium¹
1017 3690 1100 3732 rrxor
1121 3671 1345 3746 committeret,

126 3775 316 3845 hebebatur.
361 3780 453 3857 Quae
484 3787 591 3872 imago
620 3807 715 3870 quarn
745 3782 891 3868 plurimis
920 3787 1079 3871 parabolis
1107 3806 1219 3850 ansam
1247 3789 1345 3850 ‹ledit-

124 3896 282 3982 Exemplu
310 3899 410 3965 babor
440 3902 575 3967 Herone
608 3923 699 3987 eapp.
731 3900 865 3984 l-lll,
900 3904 1091 3971 Ezechielis
1127 3926 1215 3990 oapp.
1247 3903 1345 3982 xvi,

125 4012 256 4094 XXlll,
278 4014 415 4103 aliisque
436 4018 601 4104 permultis
621 4017 712 4084 loeis.
757 4019 908 4087 Ceterum
938 4024 1083 4110 quamvis
1108 4020 1247 4087 libenter
1270 4044 1346 4088 oon-

124 4133 293 4215 oetlamur,
321 4134 596 4222 elegantissimae,
625 4138 805 4225 rebusque,
835 4161 917 4227 quae
939 4153 1241 4226 repraesententur,
1270 4162 1347 4209 oon·
