2904 4942
59 252 63 257 ¹
106 301 148 356 24
406 382 410 389 .
537 324 540 331 ·
600 297 671 354 Parc
692 295 719 353 1.
762 293 835 367 Cup.
857 289 881 348 Ι.

108 462 223 548 priscis
245 457 310 522 iilis
330 456 548 543 temporibus,
586 479 645 520 aec
672 479 737 521 nan
760 479 780 520 a
801 476 879 520 sana
908 458 1063 519 morituro
1092 452 1194 538 possit
1221 469 1341 533 exspe-

110 580 202 643 ctari.
244 573 391 660 Namque
411 596 523 639 amnes
545 575 614 639 fera
636 572 788 639 versiculi
810 573 913 638 tribus
935 585 1055 636 tantum
1077 583 1226 635 constant
1245 571 1339 632 vaci-

103 668 191 776 bus3
234 714 335 778 nequa
357 695 472 758 desunt
494 695 757 781 antonomasiae,
795 704 830 755 ut
852 712 882 754 v.
906 696 966 769 te,
995 708 1090 758 aarum
1111 706 1184 757 ἰι-ιι
1206 705 1266 764 τι,
1302 698 1337 748 et

113 809 391 889 homoeoteleuta,
413 825 448 877 ut
468 834 495 875 v.
512 821 550 889 8,
570 823 672 900 wan,
694 824 806 897 arsin,
830 820 927 893 'tante
971 806 1126 875 Similiter
1141 823 1173 870 ct
1188 808 1341 871 carminis

112 943 336 1019 argumentum
364 931 488 995 seriora
519 934 628 1016 arguit
657 924 812 1015 tempora.
852 927 990 991 -Rteuim
1018 947 1099 1012 qrraa
1127 928 1169 989 de
1197 923 1340 988 filiorum

111 1049 246 1127 Jacobs,
269 1050 338 1111 sive
355 1047 394 1110 de
417 1047 556 1113 tribuum
579 1048 830 1119 lsradiiticuruur
852 1044 983 1110 sedibus
1003 1045 1192 1129 vivendique
1213 1044 1339 1105 ratione

115 1171 301 1243 traduntur,
339 1186 379 1228 ea
400 1167 527 1229 demum
548 1181 695 1252 spactant
716 1184 882 1251 campora,
920 1163 1035 1249 quibus
1056 1159 1190 1247 populus
1211 1157 1341 1224 larabii·

111 1289 196 1351 ricus
214 1284 325 1349 sudem
343 1285 376 1347 in
393 1280 566 1348 Cauanacri
580 1283 715 1359 fixerat;
736 1287 803 1349 irnu
819 1304 900 1369 quac
922 1302 951 1345 v.
967 1286 1008 1344 tu
1026 1282 1067 1344 da
1082 1280 1189 1343 Iudae
1205 1279 1341 1362 imparia

114 1403 293 1476 habentur,
330 1398 442 1485 procui
470 1401 570 1467 dubia
593 1403 634 1465 ad
654 1401 713 1466 illa
734 1402 903 1466 referenda
925 1414 1001 1465 sunt
1023 1413 1186 1483 tempora,
1222 1398 1341 1484 quibus

112 1518 250 1606 populus
271 1516 472 1583 israeliticus
491 1519 623 1605 regibus
642 1544 662 1583 a
674 1521 764 1585 tribu
779 1520 884 1584 Judaa
899 1517 1043 1582 oriundis
1060 1514 1228 1598 subjectus
1245 1527 1342 1579 osset.

20 1642 24 1649 '
115 1636 211 1702 Unda
229 1635 376 1713 efficitur,
399 1657 526 1700 carmen
545 1637 627 1703 iliud
640 1659 838 1725 naquaquam
855 1659 878 1699 a
889 1635 1010 1700 Iacobo
1025 1636 1180 1707 morituro
1197 1635 1340 1716 putuisse

115 1749 336 1842 pmuuntiari3
373 1767 484 1818 cantra
512 1752 605 1820 baud,
619 1759 740 1840 paucis·
754 1767 825 1840 pust
844 1754 971 1820 Macen
994 1749 1112 1818 seculis
1133 1754 1339 1836 compositum

115 1874 228 1939 inissa.

666 2033 694 2108 Ι.
722 2028 784 2093 lx.

204 2181 255 2243 Ex
277 2179 338 2257 iis,
376 2197 458 2263 quaa
487 2162 641 2244 hactenus
664 2160 933 2271 disputavimus,¹
953 2154 1137 2264 adparebit,
1165 2153 1289 2241 nullum
1311 2180 1346 2242 in

117 2297 283 2364 Genesecs
305 2280 394 2359 'libro
416 2295 529 2359 haberi
552 2318 700 2376 carmen,
731 2276 787 2381 aut
810 2292 961 2363 carminis
989 2272 1221 2384 fragmentum,
1257 2297 1344 2383 quud

117 2416 225 2482 Musis
255 2427 393 2479 aetatem
421 2436 572 2499 superare
603 2418 760 2481 videatur.
820 2415 915 2479 Haud
946 2414 1040 2479 aliter
1070 2428 1102 2480 et
1129 2414 1168 2476 de
1198 2412 1344 2501 reliquis,

118 2535 257 2622 quaein
282 2531 394 2597 Veteri
416 2530 628 2598 Testamenta
652 2537 874 2612 continentur,
913 2531 1108 2596 carminibus
1131 2534 1345 2601 statuendum.

117 2651 242 2716 Veram
265 2653 351 2739 enirn
375 2655 501 2716 verosi
524 2652 646 2718 nullum
670 2673 798 2731 eurum,
836 2673 917 2739 quae
945 2664 1133 2736 supersunt,
1167 2654 1347 2718 carminum

118 2748 355 2836 Hebraicururn
377 2770 485 2836 Musis
505 2784 642 2835 aetatem
664 2790 818 2854 superare
840 2783 1026 2849 censeatur,
1057 2771 1220 2856 quaeritur
1238 2791 1347 2854 porro,

120 2900 229 2951 utrum
251 2884 373 2951 nulium
390 2890 521 2951 omnino
541 2898 676 2974 poeseos
694 2886 870 2974 periculum
886 2887 1031 2952 Hebraei
1046 2901 1120 2950 anta
1134 2886 1241 2951 Masis
1257 2902 1347 2953 aeta·

121 3018 185 3067 tem
201 3004 356 3069 iecerinti
384 3006 467 3071 Eam
484 3010 702 3092 quaestionem
725 3010 781 3070 vix
803 3008 971 3094 quisquam
987 3003 1184 3090 exploratam
1206 3028 1347 3093 unquam

14 3182 18 3189 .
121 3096 273 3201 babebit3
296 3124 453 3206 siquidem
476 3127 530 3210 qui
550 3096 816 3191 Musicaetatcm
839 3094 985 3210 pruxima
1008 3114 1248 3189 antecesserunt
1270 3148 1347 3212 qua·

121 3242 283 3327 dringenti
307 3243 383 3304 anni
407 3242 488 3305 adeu
510 3245 598 3306 omni
620 3265 726 3308 rerum
749 3256 911 3330 gestarum
929 3242 1086 3305 memorii
1100 3242 1243 3308 destituti
1259 3212 1361 3328 ιιιιιι,Ι

120 3372 156 3451 ut
179 3359 218 3421 da
239 3355 349 3442 popuii
365 3358 531 3423 isrealitici
555 3384 613 3447 per
634 3359 693 3424 iila
714 3374 856 3448 tempusa
878 3343 973 3426 rebus
995 3358 1080 3421 baud
1102 3334 1271 3447 quidquam
1289 3387 1349 3449 pro

121 3489 209 3569 certa
238 3479 438 3571 pronuntiari
461 3482 582 3567 possit.¹
624 3479 728 3543 Fuere
751 3479 897 3563 quidem,
930 3480 983 3562 qui
1007 3480 1247 3560 existimarent,
1276 3480 1350 3547 He.

121 3593 238 3659 brucus
262 3615 318 3679 per
330 3599 589 3687 'quadringentos
610 3596 686 3662 illus
708 3611 741 3660 et
761 3597 892 3682 triginta
907 3615 1028 3674 annas,
1053 3617 1132 3681 quus
1149 3599 1182 3660 in
1198 3596 1349 3687 Aegypto

124 3688 304 3797 degebant,
339 3715 379 3779 ab
401 3715 587 3801 Aegyptiis,
615 3718 682 3800 jam
706 3713 763 3780 ΙΙΙο
785 3736 866 3778 aevu
888 3716 1005 3779 artium
1027 3728 1121 3802 atque
1142 3718 1349 3781 scientiarum

123 3831 346 3915 peritissimis,
368 3831 453 3895 baud
476 3854 586 3917 parurn
609 3834 761 3898 didicisse
782 3829 845 3917 ²⁹).
888 3828 985 3907 Quod
1007 3836 1036 3899 si
1057 3836 1102 3899 ita
1119 3833 1268 3915 haberet,
1292 3857 1351 3900 ex-

135 4158 139 4169 ,
167 4101 224 4183 29)
253 4106 332 4169 Jubu
355 4101 557 4188 Arcbaculcg.
580 4105 659 4169 Bibl.
680 4107 715 4170 P.
734 4106 780 4178 ΙΙ,
804 4113 826 4166 t.
847 4107 877 4177 Ι,
901 4127 931 4185 p.
951 4105 1002 4168 22.
1087 4162 1090 4168 .
