2904 4942
594 311 666 370 Pure
688 312 712 369 1.
757 311 826 390 Cup.
850 314 876 371 l.

531 560 533 569 y
633 493 732 547 inan*
756 490 836 546 urzi
859 478 901 543 ιιι

554 612 669 663 :tinum
696 610 773 664 7:³³³
798 609 901 682 ww

291 712 395 787 Dixi·
418 717 486 778 dies
510 713 691 801 loquentur,

292 830 334 894 Et
362 831 531 897 multituda
561 855 716 896 aunurum
744 831 910 896 exhibebit
938 832 1144 914 sapientiam;

293 945 336 1009 At
357 968 433 1012 vero
455 954 585 1036 spiritus
607 954 647 1013 irr
663 951 806 1028 homine,

289 1063 335 1127 Et
357 1064 495 1130 adflatus
518 1071 746 1155 omnipotentis
775 1064 991 1153 intelligentes
1021 1066 1133 1128 reddit.

244 1238 248 1247 ,
292 1179 366 1246 Nun
398 1185 572 1270 grandaevi
602 1191 743 1272 sapiunt,

291 1296 404 1386 Neque
426 1324 520 1368 senes
543 1303 727 1391 intelligunt
748 1305 882 1387 justum.

86 1400 89 1404 Δ
120 1421 194 1505 Quo
211 1423 244 1483 in
260 1417 331 1490 loeo
354 1421 512 1505 sapientia
529 1445 592 1486 non
612 1425 667 1501 iis,
691 1426 745 1508 qui
768 1420 938 1487 multorum
962 1441 1118 1483 annorum
1141 1421 1345 1504 experientiis

118 1657 289 1729 tribuitur3
321 1677 401 1740 quae
429 1661 588 1721 sententia
616 1658 697 1744 legis
720 1660 883 1723 Musaiuae
912 1655 1013 1720 indoli
1041 1648 1344 1721 cenvenientissima

117 1756 191 1840 est*
225 1749 328 1849 Quot
351 1796 428 1838 veru
454 1749 536 1871 JJoln·
565 1780 660 1840 amici
691 1782 731 1840 ad
763 1779 925 1840 seniorum
959 1778 1064 1860 potius
1094 1773 1338 1859 experientiam,

117 1915 211 1979 quam
234 1893 274 1955 ad
296 1890 378 1976 legis
402 1891 567 1957 Mosaicae
591 1879 757 1980 plaecepta
786 1909 997 1980 provocantes
1020 1895 1235 1970 inducuntur,
1268 1894 1339 1974 ejus

116 2013 165 2075 rei
187 1984 284 2075 eausa
312 2011 346 2072 in
370 1998 409 2074 eu
434 2015 536 2096 posita
559 2015 701 2105 videtur,
738 2029 773 2078 ut
797 2013 1049 2094 disceptantibus
1072 2010 1206 2096 amplior
1229 2004 1341 2094 dispu-

118 2129 209 2193 tandi
240 2148 369 2210 campus
400 2129 590 2211 aperiretur.
646 2118 793 2219 Namque
822 2136 849 2194 si
872 2130 966 2219 John·-
984 2126 1078 2194 amici
1107 2129 1194 2214 illius
1223 2127 1344 2214 placita

114 2245 224 2341 legist
215 2245 378 2308 mosaicae
401 2249 581 2332 praeceptis
602 2247 862 2335 impugnassent,
885 2254 991 2314 omnis
1013 2247 1251 2317 contradicendi
1274 2266 1343 2308 ma·
1395 2334 1399 2343 Ι

115 2357 196 2427 teria
201 2334 268 2427 illi
281 2362 552 2457 praecidebatur,
586 2370 671 2452 quod
695 2368 863 2433 tamenab
889 2370 1028 2434 auctoris
1050 2365 1184 2431 consiliu
1207 2362 1343 2428 alieuiu-

114 2485 234 2546 simum
254 2494 333 2545 erat

114 2716 196 2784 John·
214 2716 298 2781 libru
320 2601 465 2796 obviam,
489 2741 553 2783 non
575 2723 614 2784 ad
633 2725 793 2804 ,poetieam
817 2696 999 2799 fictionem3
1016 2688 1133 2785 ¹uerum
1156 2721 1195 2784 ad
1219 2721 1343 2803 priscu-

115 2831 187 2901 rum
215 2836 383 2899 hominum
412 2840 573 2903 sentiendi
602 2843 824 2925 cogitandique
846 2842 1003 2903 rationem
1031 2860 1102 2902 esse
1125 2824 1339 2916 referendam,

114 2957 171 3018 vix
191 2957 308 3019 idoneo
331 2954 437 3040 aliquo
460 2969 648 3041 argumento
663 2950 871 3041 ⁸comprobari
896 2944 991 3041 posse
1013 2959 1146 3020 videtur.
1191 2953 1339 3041 Namque

115 3093 186 3138 eum
208 3076 232 3136 ii
255 3075 336 3158 ipsi,
359 3076 413 3158 qui
434 3072 515 3137 John·
534 3064 743 3165 librumante
759 3073 886 3139 Murem
909 3079 1121 3159 compositum
1138 3076 1337 3152 existimant,

112 3191 190 3261 libri
210 3189 299 3254 illius
322 3205 688 3276 argumentumnon‘ex
704 3178 810 3258 rerum
832 3207 994 3278 gesturum
1016 3194 1170 3257 mamurii
1193 3196 1334 3276 petitum,

7 3396 9 3403 Ι
115 3315 226 3373 ver'um
255 3310 295 3373 ab
325 3323 455 3372 auctore
482 3309 590 3374 fictum
620 3307 935 3389 esse'cuntendant,
975 3311 1154 3395 quid1inde
1177 3315 1334 3405 sequitur,

38 3596 42 3600 -
112 3549 293 3612 referenda.
343 3547 347 3553 ’

143 3664 250 3747 ΙΙ)
279 3652 372 3763 Quud
399 3670 427 3730 si
454 3668 670 3747 concedatur,
706 3688 809 3752 neque
838 3663 950 3761 pupuli
971 3663 1126 3729 Hebraiei
1145 3663 1336 3746 historiam,

111 3804 214 3869 neque
234 3781 340 3881 legem
361 3781 572 3855 Mosaiuam
563 3810 596 3850 un
618 3785 700 3851 Jubi
718 3783 803 3876 libro
825 3786 975 3868 respici,
999 3806 1197 3886 nequaquam
1227 3791 1336 3848 tamen

18 3955 22 3959 ,
110 3903 187 3966 inde
216 3900 370 3981 efficitur,
408 3925 511 4033 neque
541 3904 650 3989 illam,
688 3925 790 3989 neque
821 3901 905 3984 bane
933 3901 1009 3967 libri
1031 3904 1154 3967 auctori
1175 3904 1336 3988 cognitam

108 4019 223 4089 fuisse.
281 4020 417 4086 Potuit
413 4012 511 4089 erlim
547 4020 720 4089 consulto
707 4036 890 4108 utramque
920 4035 1031 4089 auuter
1066 4023 1337 4103 praetermittere3

111 4138 208 4239 idque
232 4158 271 4202 eo
294 4130 414 4225 magis,
441 4163 504 4227 quu
527 4136 866 4225 altiori-liberiumque
887 4143 919 4204 in
942 4141 1249 4209 {uuiversum-lentur
1272 4143 1338 4224 spi-
