2904 4942
114 316 177 378 100
569 313 639 371 Pcrr
662 311 703 371 11.
748 310 818 388 Gap.
841 308 881 369 11.
984 342 988 349 ·

109 495 203 567 atque
224 478 429 545 dramaticum
450 477 562 562 poesin
583 473 710 541 Arabes
739 497 803 539 uon
826 472 1044 553 excoluerint,
1071 493 1206 559 quarum
1229 485 1336 539 turneu

112 613 277 685 utramque
306 608 449 681 tempore
476 593 552 672 tuo,
581 614 644 679 quo
671 591 835 660 literarum
866 593 1061 660 Graecarum
1087 592 1205 658 studiis
1237 593 1336 657 dediti

112 729 241 794 creent,
272 711 369 779 facile
391 710 416 777 a¹
432 711 565 777 Graecia
588 712 767 778 adsciscere
796 725 967 800 poterant..
1006 710 1116 794 Hujus
1137 713 1336 777 reiecturum

113 835 254 899 maxime
279 833 314 895 in
337 851 378 894 eo
399 833 535 915 potitum
558 800 830 910 existimaverim,
859 830 943 917 quod
964 831 1032 914 jam
1052 828 1150 914 lorge
1170 839 1248 893 ante
1270 826 1337 892 Ab·

115 951 297 1016 bacidarum
328 961 494 1034 tempora,
524 948 651 1032 quibua
674 948 791 1037 ‘lingua
821 949 996 1035 literaeque
1024 947 1223 1012 Graecorum
1254 948 1337 1009 inter

12 1112 16 1119 -
55 1147 64 1161 Ι
114 1066 240 1132 Araban
271 1062 335 1137 coli
359 1087 523 1154 coepere,
541 1070 647 1150 poesis
668 1066 809 1132 Arabico
838 1069 878 1132 ad
907 1088 1064 1131 summum
1088 1065 1335 1150 floremqrerve·

115 1188 215 1262 norit,
233 1195 400 1266 tantusque
424 1184 657 1268 antiquioribus
673 1185 739 1250 iilis
756 1195 890 1270 podreoo
911 1180 1116 1263 monimentis
1132 1183 1335 1268 postmodun

115 1303 220 1368 honor
242 1301 373 1365 habitur
394 1301 509 1382 fuerit,
533 1314 569 1366 ut
596 1307 727 1368 serioris
750 1308 821 1368 aevi
842 1312 965 1389 potitae-
979 1325 1019 1367 ea
1036 1301 1090 1366 vel
1112 1303 1246 1367 omnino
1267 1303 1336 1365 irni-

116 1434 281 1496 turcntur,
303 1416 356 1481 vel
373 1417 485 1483 saltem
509 1421 612 1485 abiis
634 1426 811 1488 carminum
832 1420 1024 1508 generibus,
1044 1442 1125 1507 quae
1146 1422 1335 1506 antiquiori·

116 1539 178 1604 bus
200 1541 234 1602 in
258 1558 318 1602 uru
342 1537 487 1635 suerunt,
520 1541 670 1605 recedere
697 1564 761 1606 non
784 1542 948 1605 auderent.
998 1540 1070 1604 Jum
1098 1560 1175 1602 voro
1198 1561 1273 1604 oum
1294 1558 1333 1603 ex

42 1690 44 1697 ·
115 1658 291 1742 antiquiori
318 1652 375 1717 illei
406 1657 495 1738 potiri
529 1670 562 1720 et
588 1661 711 1743 epicum
748 1673 780 1724 et
808 1661 1016 1724 dramaticum
1046 1679 1149 1743 genua
1178 1655 1335 1737 exulum

116 1795 220 1860 neque
248 1777 282 1839 in
312 1776 521 1839 recentiorem
551 1780 665 1861 poesin
694 1790 822 1861 recepta
847 1777 958 1859 fuere‚·
987 1765 1051 1840 etti
1081 1774 1258 1840 verisimile
1273 1777 1335 1853 -nit,

117 1891 354 1967 Abbaridarum
384 1890 445 1956 nub
476 1894 629 1977 imperio,
667 1916 729 1981 qno
765 1910 908 1978 tempore
941 1892 1106 1958 literarum
1122 1919 1126 1927 ¹
1140 1890 1336 1957 Graecarum

116 2013 223 2077 studia
244 2024 333 2074 tanto
356 2031 426 2073 curu
450 2011 566 2074 ardore
587 2012 628 2077 ab
644 2010 806 2076 Arabibua
828 2024 960 2075 tractatu
979 2011 1090 2088 fuere,
1114 2011 1238 2094 epicam
1260 2029 1336 2095 quc·

118 2247 243 2309 ratione
266 2248 428 2323 evenerit,
454 2259 489 2309 nt
506 2258 673 2331 utrumque
703 2256 839 2332 poeseos
868 2270 971 2334 ςοιιιιε
993 2267 1094 2332 neque
1117 2243 1157 2309 ab
1180 2247 1339 2330 antiquio·

118 2361 208 2426 ribus
231 2360 373 2427 Arabum
395 2366 516 2447 potitis,
547 2385 651 2449 neque
681 2370 812 2431 omniuo
839 2389 859 2430 a
882 2366 1054 2431 Seruitieae
1076 2366 1211 2448 originis
1233 2366 1337 2449 genti·-

118 2481 201 2558 bua,
232 2479 409 2560 Hebraeis,
446 2481 536 2564 Syrie
565 2495 598 2545 et
625 2486 762 2565 ceteris,
792 2482 954 2549 excultum
982 2483 1098 2558 fuerit,
1128 2503 1201 2546 cum
1217 2493 1337 2546 tameo

118 2600 201 2683 apud
222 2596 304 2661 alios
326 2602 458 2664 orientis
473 2598 627 2684 populor,
643 2600 807 2680 Sinnacen,
827 2599 926 2665 Indou
941 2583 1116 2686 Persaeque
1138 2598 1191 2664 vel
1207 2612 1339 2665 ,utraru-

119 2736 198 2799 que,
235 2714 287 2779 vel
319 2715 507 2782 alterutrum
535 2722 685 2784 unitatum
713 2723 774 2797 uit,
812 2739 878 2783 non
913 2721 1035 2784 adtinet
1065 2718 1127 2783 boc
1161 2717 1338 2784 iocundiu-

120 2835 247 2915 quirere
274 2835 337 2918 ⁸³).

618 3023 729 3095 vop.
759 3027 836 3115 Ιῌ.

490 3162 968 3232 Comparatio.
1052 3232 1055 3237 Ι
1151 3227 1223 3239 ἲ,

652 3320 681 3394 ἱ.
708 3315 798 3380 LIX.

203 3445 254 3509 Ex
282 3446 340 3524 iia,
371 3466 451 3532 qnae
478 3449 518 3512 de
540 3453 682 3534 'poeseos
705 3450 887 3515 Hebraicae
909 3461 940 3511 et
962 3447 1123 3513 Arabicae
1145 3470 1337 3540 argumento

118 3563 318 3650 diversisque
346 3567 522 3631 carminum
552 3568 725 3654 generibus
751 3568 905 3633 hactenns
928 3564 1208 3652 disputaturum,
1237 3572 1336 3637 facile

119 3732 328 3746 ——n--u

87 3829 91 3835 ’
157 3834 213 3913 83)
236 3836 281 3897 De
304 3836 403 3899 cauria
427 3841 585 3923 neglectae
617 3863 635 3903 u
668 3842 785 3922 populis
808 3840 960 3903 Semiticin
989 3850 1116 3923 poiseus
1147 3844 1333 3907 dramaticac

194 3940 255 4016 jam
286 3943 440 4020 nuperius,
475 3940 501 4022 ᾗ.
524 3946 592 4006 XL.
623 3927 685 4004 not.
718 3943 775 4017 66,
808 3953 905 4004 actum
934 3946 1000 4005 fuit.
1060 3947 1187 4005 Eundem
1219 3968 1330 4008 causer

196 4052 226 4098 et
246 4044 331 4118 potiri
351 4045 456 4123 apione
480 4045 559 4124 apud
580 4047 706 4123 populos
723 4047 793 4107 iilos
814 4047 965 4118 offecisse,
988 4045 1080 4105 facilc
1101 4055 1148 4106 est
1163 4048 1331 4108 intellectu.

194 4141 268 4201 Vide
289 4147 404 4206 Ewnldr‘
417 4147 702 4208 commentationem
732 4149 769 4208 de
790 4149 992 4209 Hebraeorum
1014 4149 1115 4226 padri,
1144 4171 1173 4228 p.
1197 4149 1249 4222 -14,
1280 4147 1343 4211 ln·
