2904 4942
234 325 278 383 De
295 334 458 400 cmmmto
479 323 812 398 &conquassatione
834 325 990 382 meminent
1012 323 1222 384 Hernicorum.
1301 324 1344 388 63

113 489 232 558 Veteri
261 487 469 554 Testamenta
497 510 610 554 eoram
636 501 760 552 tantum
787 485 964 566 librorum,
1000 489 1057 573 qui
1084 488 1126 553 mi
1154 486 1354 575 religionem-

113 608 335 698 pertinebant,
370 605 530 670 rationem
553 604 697 669 habitem
716 607 839 685 fnisse,
874 605 1050 692 quidinde
1072 607 1237 691 seqnituri
1274 606 1344 689 Nil,

119 730 184 794 nisi
210 727 295 812 qnod
328 724 453 808 stipsi
482 726 619 789 canonis·
644 739 791 790 auctores
823 731 954 790 cantico
982 729 1182 789 camum
1212 746 1344 794 sensum

119 848 286 930 mysticum
312 847 420 908 inesse
448 845 608 926 putarint3
643 864 726 928 quae
751 856 855 907 teman
884 841 1049 907 bominum
1078 841 1206 907 iliorum
1233 845 1344 928 opinio

114 985 316 1050 nequaquam
344 964 537 1026 documento
564 980 638 1025 esse
668 973 791 1046 potest,
825 963 994 1045 mysticum
1023 959 1114 1025 illum
1142 982 1273 1027 sensum
1298 960 1342 1029 ab

113 1084 364 1169 ipso-mrminis
387 1094 519 1144 auctore
548 1092 726 1164 spectatum
751 1079 866 1144 fuisse.
917 1076 1072 1157 Constat,
1105 1076 1248 1144 Judaans
1272 1081 1342 1163 jnn

113 1199 215 1286 ionga
237 1215 312 1263 ante
326 1197 498 1263 Phaenea
521 1194 694 1282 allegorici
716 1196 871 1262 librorum
892 1218 1056 1263 mororum
1079 1199 1342 1282 interpretaione

109 1317 294 1384 delectatus
308 1317 427 1390 inissa3
452 1314 538 1379 band
559 1317 659 1399 igitur
676 1317 876 1395 mirandum,
897 1318 927 1380 si
946 1317 1080 1380 canonis
1100 1330 1250 1381 auctores
1271 1336 1344 1383 eam

111 1435 347 1522 interpretandi
378 1435 535 1497 rationem
568 1448 602 1498 et
628 1436 661 1498 in
690 1441 853 1500 canticum
887 1441 1088 1499 cantrcomr
1119 1436 1342 1516 transferrent,

113 1574 252 1640 eamque
279 1567 407 1639 propter
433 1574 561 1616 causam
592 1556 726 1617 carmini
755 1552 806 1618 iiii
834 1553 941 1619 iocum
969 1556 1053 1618 inter
1074 1572 1184 1619 sacros
1213 1552 1343 1621 Veteris

105 1672 316 1739 ··'l'est'amenti
345 1669 447 1735 libros
473 1671 692 1756 adsignarent.
746 1671 789 1756 ll)
816 1671 944 1737 Veteris
967 1672 1167 1738 Testamenti
1190 1687 1342 1741 auctores

113 1794 249 1857 omnino
270 1789 409 1875 figuratis
430 1787 629 1853 delectantur
651 1793 817 1873 oratione3
855 1812 965 1855 rerum
990 1791 1187 1877 imaginibus
1210 1794 1278 1856 suis
1300 1813 1340 1857 eo

116 1925 251 1975 utantur
271 1911 386 1987 modo,
407 1923 444 1973 ut
464 1923 497 1972 at
519 1909 690 1993 adpareat,
711 1910 885 1973 dictionem
907 1931 979 1976 esse
998 1908 1188 1996 figuratam,
1211 1924 1245 1972 et
1265 1931 1342 1975 sen·

112 2050 176 2095 stra
202 2029 354 2113 imaginis
383 2026 434 2091 vel
464 2049 506 2094 ax
536 2029 693 2092 orationis
720 2040 893 2109 contextu,
932 2026 985 2091 vel
1021 2049 1063 2092 er
1096 2028 1169 2112 ipsi
1201 2029 1341 2093 auctoris

111 2147 376 2230 interpretatione
399 2156 515 2228 patent.
562 2142 656 2209 Unde
677 2166 755 2210 vero
777 2148 810 2211 in
827 2153 958 2212 cantico
977 2152 1178 2211 canticorum
1197 2147 1340 2230 adparet,

111 2267 293 2331 ommonem
314 2282 385 2329 asse
402 2261 591 2349 figuratam,
614 2266 708 2346 unde,
732 2288 869 2352 quaeso,
886 2268 1036 2350 adparet,
1059 2284 1229 2350 quamnam
1247 2263 1343 2328 aitio-

112 2404 184 2448 rsm
206 2404 337 2447 sensum
359 2395 471 2446 auctor
492 2384 682 2462 intenderit,
717 2406 788 2448 cum
810 2406 851 2448 ne
875 2384 974 2448 verbo
997 2385 1124 2469 quidem
1146 2384 1187 2447 da
1207 2385 1342 2466 mystico

111 2503 269 2568 carminis
296 2520 394 2564 sensu
423 2496 524 2562 lector
553 2502 744 2567 moneatur?
784 2500 879 2578 Quod
908 2505 992 2566 seori
1015 2500 1239 2567 Hebraeorum
1260 2503 1344 2565 sori·

112 2634 241 2706 ptores,
262 2622 360 2704 inque
390 2620 501 2702 primia
529 2619 738 2704 prophetae,·
754 2623 980 2685 commercium
1010 2618 1109 2698 iilud,
1146 2621 1234 2705 quoti·
1260 2621 1343 2683 inter

111 2737 230 2805 Jove·
252 2749 285 2800 et
312 2734 466 2821 populum
491 2736 687 2802 Hebraicom
721 2739 921 2804 intercedere
951 2730 1160 2814 credebatur,
1191 2734 1345 2803 connubii

111 2859 455 2943 imagine-proponere
473 2853 620 2937 soleant,
643 2879 684 2921 aa
704 2848 848 2943 profecto
868 2877 922 2921 res
942 2876 1142 2941 nequaqnam
1160 2857 1285 2941 arguit,
1304 2856 1341 2919 ia

111 2979 245 3041 cantica
276 2972 557 3061 cantieorumjvel
586 2978 727 3040 nominis
755 2970 1060 3060 divininopniique
1083 2972 1258 3063 Hebraici,
1284 2971 1341 3038 vsi

112 3092 293 3159 &laeteris
310 3126 315 3135 ·
331 3088 552 3176 ecclesiaeque
587 3088 791 3156 Christianae
828 3105 974 3156 mutuam
1012 3108 1155 3156 amorem
1192 3068 1354 3178 (ierurgia¹

107 3208 260 3295 rumque
288 3208 443 3276 monebu
471 3212 504 3273 in
534 3217 893 3275 cantr‘cc.ncntr'ccrum
913 3207 1003 3274 uuila
1024 3212 1163 3288 meatim
1194 3212 1251 3295 qni
1268 3207 1340 3274 iilia

111 3327 350 3395 merebuntur.
361 3346 488 3392 amores
511 3351 575 3394 non
598 3343 673 3405 runt
693 3331 884 3416 conjugum,
905 3350 1016 3393 veram
1038 3326 1253 3393 adolescentis
1273 3329 1340 3391 vin·

112 3449 285 3534 ginisqm
321 3464 426 3532 neque
448 3444 688 3512 adolescentulo
708 3446 760 3511 illi
781 3447 911 3534 aliquod
933 3451 968 3512 io
988 3449 1147 3532 virginem
1168 3448 1339 3530 imperium

109 3563 285 3641 tribuitur,
302 3566 515 3646 quod-tamen
537 3563 686 3644 decebat,
716 3569 745 3630 si
765 3565 868 3630 Jovaa
890 3586 1058 3651 pomonam
1081 3561 1339 3628 adolescentulus

109 3681 302 3747 mecoenas
354 3682 448 3760 Quod
476 3686 518 3749 nd
548 3687 762 3749 recentiorum
792 3692 958 3771 poetarum
981 3683 1213 3759 Asiaticorum,
1242 3683 1339 3766 inque

109 3802 226 3886 primis
254 3801 475 3880 Persicorum,
509 3803 633 3869 adtinet
661 3806 804 3867 carmina
832 3806 1004 3881 amatoria,
1041 3800 1157 3887 quibas
1186 3802 1339 3884 mysticas

112 3919 200 3983 baud
225 3941 299 3983 raro
321 3941 436 3984 sensus
461 3922 567 3984 inesse
590 3923 732 3998 videtur,
761 3943 799 3984 ea
822 3936 928 4000 certe,
956 3941 1027 3985 cum
1048 3918 1221 3983 multorum
1243 3939 1338 3982 seon-

110 4035 218 4103 iorum
236 4016 417 4117 ‚intervallo
445 4038 488 4103 ab
510 4038 734 4105 Hebraeorum
765 4040 961 4105 carminibus
986 4040 1127 4118 distent,
1164 4040 1217 4105 rix
1239 4038 1340 4114 docu-

108 4160 221 4221 mento
242 4177 316 4222 essa
333 4169 487 4243 possunt,
508 4163 636 4224 cantior*
654 4165 855 4224 canticorum
877 4179 999 4244 quoque
1023 4166 1152 4222 sensum
1169 4158 1338 4239 mysticum
