2904 4942
88 300 150 359 tos
193 311 204 355 a
540 294 610 352 narr
631 292 671 351 ιι.
718 292 787 369 cap.
809 288 864 349 ιιι.
895 262 913 273 “

92 483 188 540 ιιιιιιι,
211 436 268 532 sed
282 450 385 522 totas
399 456 552 522 fortitudo
576 455 742 571 gloriaque
763 451 961 528 celebratura
980 454 1014 517 iu
1029 452 1082 517 his
1101 440 1212 523 autent
1234 470 1318 518 nce·

36 576 42 607 ¹
94 581 155 642 nist
146 577 310 675 humana
330 576 464 641 audacia
487 553 653 660 virtusque
671 574 884 680 praedicetur.
919 568 1067 656 Namque
1087 591 1133 637 ex
1146 570 1315 637 Heunec

93 717 180 773 rum,
204 693 369 760 hominum
392 692 722 776 religiosissimorum,
745 688 1039 755 sententiaDeus
1031 711 1100 774 rpse
1122 711 1181 774 pre
1195 689 1314 776 popule
1345 690 1348 696 “

93 812 155 877 sihi
180 811 304 878 dilecto
318 825 431 877 contre
453 811 563 875 hostes
586 808 776 883 dimicabam
805 809 891 894 quod
921 810 951 873 si
979 809 1079 892 igitur
1107 811 1244 873 victoria
1264 821 1315 875 rei

5 898 7 908 Ι
87 941 219 1016 'portata
240 944 342 1008 asset,
365 951 404 993 ea
426 949 633 1014 nequaqnam„
647 927 1035 1002 bominum-fortitudini,
1055 927 1112 990 sed
1129 925 1192 993 seli
1211 924 1314 994 numi-

94 1054 144 1112 nis
175 1051 276 1124 divini
295 1049 463 1134 praesidio
489 1046 659 1112 tribuenda
689 1047 879 1117 videbatur„
897 1042 1041 1115 ¹Ceutra
1060 1028 1207 1124 Arabes,
1238 1069 1316 1133 gens

94 1163 361 1243 bellicosissima,
390 1185 517 1229 omnem
548 1166 580 1227 in
604 1162 694 1237 bello¹
712 1187 802 1251 spem
824 1166 858 1229 ia
884 1165 1026 1227 dexteris
1050 1135 1317 1253 suis-gladiisque

32 1331 35 1339 .
94 1281 312 1360 collocabant;
333 1306 450 1370 quare,
473 1282 503 1348 si
517 1285 683 1347 victoriam
706 1284 746 1346 de
767 1281 913 1349 hostibus
935 1280 1167 1366 reportassent,
1186 1263 1317 1350 nonnisi

96 1421 186 1465 suern
210 1403 349 1485 ipsorum
372 1405 519 1466 virtutem
543 1401 730 1485 praedicare
745 1400 1030 1469 carbonariam
1051 1403 1158 1467 reinna
1173 1415 1206 1466 et
1221 1403 1317 1468 didu-

96 1516 431 1585 cticaHebraeorum·
443 1518 648 1603 Arabumque
668 1521 776 1603 petisia
791 1520 874 1586 inter
888 1518 1056 1583 sediffert.
1094 1518 1316 1586 Hebraeorum

99 1641 242 1703 carmina
260 1639 417 1701 didactica
437 1639 567 1702 nonnisi
590 1639 629 1701 ad
648 1658 701 1701 res
728 1638 864 1700 divinas.
877 1657 1066 1721 merumque
1084 1639 1318 1707 institutionem

95 1748 271 1838 pertinent3
297 1768 415 1827 contra
437 1755 563 1820 Arabes
592 1776 687 1820 omne
714 1757 919 1823 scientiarum
949 1776 1072 1839 genus,
1110 1755 1319 1844 theologiam,

95 1870 348 1958 philosophiam,
367 1877 671 1961 jurisprudentiam,
696 1876 852 1940 medicam
875 1887 993 1952 artem,
1013 1873 1200 1954 mathesin,
1225 1878 1320 1942 h'ntee

96 1990 197 2068 riam,
212 1997 480 2076 grammaticam,
494 1997 668 2078 'poe'tieam
683 2004 743 2055 etc.
780 1991 973 2058 carminibus
999 1992 1319 2078 comprehenderunt.¹

96 2105 210 2193 Neque
232 2122 337 2174 tamen
361 2109 552 2199 idArabum
574 2107 989 2199 po'e'silaudidueendun13·
1008 2121 1145 2197 namque
1166 2115 1197 2176 si
1219 2116 1320 2179 doctis

95 2221 162 2287 illis
176 2226 371 2292 carminibus
392 2230 528 2295 formam
544 2229 702 2311 pde'ticam
717 2228 839 2304 demas,
861 2247 986 2310 parum,
1009 2225 1059 2290 vel
1078 2228 1322 2311 nihilomnino,

98 2341 182 2425 qued
196 2344 306 2426 petisia
321 2343 476 2422 redoleat,
500 2344 674 2430 superabit.
713 2342 821 2431 'l'aoto
836 2345 1011 2414 diductieae
1025 2344 1168 2409 Arabum
1187 2359 1322 2433 poeseos

97 2459 237 2538 ambito,
256 2474 306 2525 est
321 2476 427 2540 tamen
442 2461 549 2549 alique
562 2461 651 2527 illius
665 2467 954 2548 pobseeszepeeies,
977 2485 1070 2546 quam
1086 2462 1232 2530 Hebraei
1250 2490 1322 2553 prc-

57 2629 61 2640 ,
99 2576 288 2665 ρἰἱιιιιιιεὶῑιί
310 2581 492 2658 vindicant,
525 2602 685 2666 quamque
707 2603 810 2667 neque
831 2584 914 2669 apud
938 2581 1083 2658 Arabes,
1114 2604 1219 2667 neque
1241 2585 1320 2672 apud

65 2750 68 2754 .
99 2694 202 2762 alium
221 2696 554 2785 quendampopulum
577 2699 808 2783 deprehendes.
845 2699 1079 2784 propterera
1101 2701 1173 2764 dioc
1197 2707 1320 2787 poesin,

98 2837 199 2900 quae,
230 2819 291 2881 etsi
320 2839 468 2904 magnam
502 2832 626 2902 partem
655 2819 689 2880 in
721 2820 884 2882 tradendis
909 2795 997 2879 'ritae
1020 2838 1210 2910 morumque
1230 2842 1322 2906 prae-

97 2935 197 3018 ceptis
226 2951 391 3014 versetur,
421 2950 527 3001 tamen
558 2958 615 3020 pre
643 2928 820 3022 singulari,
850 2958 912 3021 quo
941 2937 1022 3021 apud
1051 2934 1232 3001 Hebraeos
1253 2961 1322 3020 pro·

97 3050 213 3134 pheta'e
234 3053 468 3136 iungebantur,
499 3074 647 3134 munere,
669 3075 725 3138 pro
747 3052 903 3140 singulari
925 3075 1021 3138 porro
1043 3055 1158 3132 mode,
1180 3078 1246 3149 qno
1268 3078 1323 3142 po·

98 3168 207 3251 pulum
226 3190 317 3255 suum
331 3175 399 3254 jam
418 3170 591 3251 decebant,
610 3175 678 3254 jem
696 3173 916 3258 castigabant,
937 3174 1004 3254 jam
1025 3169 1214 3238 solabantur
1227 3173 1343 3261 atque'

99 3286 283 3373 erigebant,
313 3288 507 3375 singularem
539 3313 663 3377 quoque
692 3291 796 3355 induit
823 3288 982 3365 colorem,
1013 3291 1173 3357 diversum
1200 3293 1242 3356 ab
1271 3315 1320 3370 eo,

99 3425 193 3490 quem
215 3403 359 3473 Arabum
384 3421 625 3495 ceterorumque
646 3384 833 3493 populorum
856 3410 998 3470 carnrlna
1021 3412 1225 3491 paraenetica
1249 3394 1322 3496 pree

96 3523 281 3617 senserunt.
332 3521 370 3587 In
389 3523 543 3594 Arabum
576 3527 771 3595 carminibus
802 3527 1011 3610 paraeneticis
1048 3528 1189 3623 numinis
1215 3531 1354 3597 ,dirtot.·

98 3660 205 3716 arnor,
218 3650 334 3705 'rerum
356 3641 566 3711 humanarum
589 3657 787 3720 contemtus,
810 3645 955 3727 vitaeque
975 3645 1140 3728 integritas
1161 3664 1323 3711 commen·

48 3824 51 3829 ,
100 3757 233 3834 danturt
263 3760 319 3824 sed
352 3782 410 3825 ruo
441 3766 714 3847 nonrinepoctoe
742 3757 931 3843 loquuntur,
955 3764 1056 3825 sicuti
1085 3782 1209 3827 morum
1233 3787 1324 3849 prae·

96 3988 301 4065 calamitates
317 3997 500 4073 minantur,
524 3996 590 4061 nisi
609 3997 737 4061 monitis
761 3998 827 4066 suis
850 3996 1107 4080 obtemperetur,
1137 4007 1195 4074 aut
1218 3952 1326 4084 publi-

95 4128 166 4172 cam
196 4110 524 4197 salutemspondent,
546 4113 575 4175 si
589 4111 631 4174 ad
645 4110 953 4198 meliorenfcugers
970 4111 1145 4197 populares
1156 4118 1207 4181 sui
1222 4119 1329 4185 redte
1344 4184 1347 4189 .
