2904 4942
237 322 462 399 Deutqemmto
481 322 651 398 diversisque
669 324 814 397 americus
835 324 991 381 omninum
1014 321 1225 382 Hedreiecrum.
1301 322 1338 381 ut

115 488 245 564 sensio,
284 485 369 552 Ante
389 490 499 553 omnia
515 488 693 573 quaesitum
712 485 789 563 fuit,
813 499 918 550 utrum
942 484 1089 557 mirabile
1109 484 1191 553 illud
1213 508 1342 555 carmen

117 628 217 673 sensu
248 607 377 691 propriu
408 607 450 669 sit
480 606 726 690 accipiendum,
773 625 814 669 an
849 602 1022 689 allegorice
1057 607 1343 689 interpretandum.
1437 646 1439 650 .

67 800 69 809 Ι
120 726 329 810 Antiquiores
349 723 544 788 ludaeorum
574 739 607 786 et
628 721 884 787 Christianorum
913 725 1102 807 interpretes
1125 737 1247 789 tantum
1275 708 1360 793 nou*
1425 745 1429 751 ·

120 864 232 908 omues
253 863 384 907 sensum
406 839 767 927 allegoricumceertico
789 847 989 905 coelicorum
1017 842 1124 904 inesse
1146 855 1341 911 statueruntr

116 961 287 1026 SicAlert
302 958 391 1025 Erro
413 961 446 1023 in
470 960 669 1046 praefatione
692 960 913 1023 commentarii
934 959 984 1022 sni
1005 960 1039 1022 in
1062 961 1220 1024 canticum
1241 965 1342 1027 canti.

116 1100 230 1144 corum
252 1081 315 1144 sit:
345 1081 385 1150 br
408 1095 454 1147 ute
477 1095 511 1145 ³>
533 1096 608 1165 pun
630 1092 730 1149 *narr
752 1093 878 1149 crurum
902 1093 968 1149 ntur
990 1079 1085 1148 nimi
1109 1080 1212 1150 niun
1237 1083 1339 1155 neuen

115 1200 235 1286 sparse
252 1200 319 1267 ube
335 1216 403 1282 pur
421 1217 519 1286 urprr
533 1214 616 1267 rann
633 1213 713 1267 rte:
731 1198 992 1265 annectuntur
1009 1198 1066 1268 bur
1080 1199 1165 1269 *irbi
1183 1204 1252 1269 buu
1271 1213 1340 1289 Ἱππ

115 1318 183 1383 ise.
206 1316 307 1398 absit,
330 1317 434 1397 absit,
457 1330 493 1381 ut
507 1316 877 1380 cauticum-canticorum
898 1315 939 1379 de
959 1336 1068 1381 umore
1089 1317 1231 1382 sensuali
1248 1336 1339 1407 agatt

115 1446 228 1499 contra
246 1433 420 1520 allegorice
440 1437 549 1499 omnia
570 1434 755 1519 accipienda
776 1445 861 1499 sunt.
905 1433 978 1499 Nisi
1000 1439 1085 1500 enim
1108 1439 1247 1502 maxime
1268 1441 1341 1524 ejus

113 1565 202 1618 esset
222 1556 428 1642 praestantia,
453 1537 652 1639 nequaqnam
674 1553 708 1625 in
730 1550 884 1617 librorum
905 1536 1074 1619 sacrorum
1092 1577 1207 1641 cerpus
1225 1555 1341 1623 luisset

79 1736 82 1741 .
113 1671 270 1754 relatum
294 1693 398 1757 neque
416 1670 484 1737 nlla
506 1672 547 1736 de
568 1692 607 1735 eo
627 1671 797 1735 dissensio.
821 1706 857 1719 —
889 1671 941 1737 Ex
963 1673 1158 1739 ludaeorum
1180 1678 1341 1740 sententie

115 1792 258 1856 numinis
279 1791 381 1854 divini
407 1788 579 1878 populique
602 1789 757 1854 Hebraici
789 1803 915 1854 mutuus
944 1811 1034 1855 amur
1063 1793 1096 1855 in
1127 1793 1252 1856 cantico
1280 1791 1340 1857 illu

115 1909 324 1984 deuribitnr3
359 1922 472 1974 contra
495 1907 688 1988 Christiani,
724 1905 896 1973 salvatoris
923 1910 974 1972 sni
1003 1906 1221 1995 ecclesiaeque
1243 1907 1342 1976 Chri·

117 2029 241 2092 atienae
261 2048 389 2093 amores
411 2028 588 2114 praedicari
605 2029 844 2091 existimarunt.
888 2023 1113 2091 Recenticrum
1128 2029 1339 2113 interpretum

113 2142 257 2230 plerique
288 2145 481 2232 allegoricae
507 2147 766 2231 interpretationi
794 2147 1035 2224 renuntiarunt,
1074 2158 1106 2209 et
1128 2150 1258 2212 nonnisi
1278 2147 1341 2215 hrt-2

113 2282 230 2329 manus
259 2284 384 2330 amores
413 2268 447 2329 in
477 2270 607 2330 cortice
637 2270 837 2328 coelicorum
865 2265 995 2349 depingi
1026 2264 1233 2328 contendunt.
1288 2263 1340 2330 Ad

113 2383 354 2464 dijudicandam
377 2383 460 2447 hanc
480 2380 572 2447 litem
594 2403 726 2476 necesse
749 2384 874 2446 videtur
895 2385 1053 2458 rationes,
1076 2364 1191 2465 quibus
1206 2392 1339 2468 utraque

110 2498 243 2565 fulcitur
267 2504 444 2580 sententia,
478 2501 618 2567 breviter
641 2522 816 2586 exponere.
870 2499 933 2576 Qut
956 2505 1118 2563 canticum
1140 2505 1341 2567 conticerem

111 2616 287 2704 allegorice
310 2622 581 2706 interpretandum
612 2640 684 2684 esse
711 2631 875 2696 statuunt,
912 2615 964 2681 his
985 2617 1055 2681 iere
1077 2618 1221 2681 nituntur
1243 2618 1342 2682 ratio·

111 2734 226 2801 nibus:
265 2736 297 2820 l)
320 2738 386 2815 Qui
408 2741 525 2804 veteris
546 2736 747 2802 Testamenti
772 2735 874 2802 libres
900 2737 934 2798 in
960 2755 1058 2799 uuum
1081 2755 1217 2820 cerpus,
1253 2737 1338 2820 quud

111 2870 268 2919 munnam
302 2853 397 2942 vulgo
430 2858 558 2935 dicunt,
600 2856 811 2941 redegerunt,
848 2855 881 2917 id
910 2855 1113 2938 potissimum
1144 2866 1338 2937 spectarunt,

109 2984 147 3035 nt
169 2973 299 3037 nonnisi
323 2995 380 3039 eos
400 2975 604 3040 admitterent
625 2970 744 3051 libros,
776 2975 831 3058 qni
849 2973 890 3037 ad
915 2969 1103 3056 religionem
1125 2973 1334 3057 pertinerent.

112 3087 210 3166 Quod
241 3094 269 3155 si
299 3112 378 3156 veru
413 3099 540 3157 coelici
567 3098 768 3156 canticorum
803 3103 1025 3176 argumentum
1057 3093 1092 3154 in
1124 3090 1338 3177 depingendis
1385 3123 1388 3130 ·

110 3206 261 3272 humanis
282 3210 448 3274 amoribus
470 3226 670 3289 versaretur,
693 3211 747 3295 qui
768 3206 841 3273 fieri
863 3213 985 3295 potuit,
1010 3223 1045 3273 ut
1066 3211 1150 3274 inter
1170 3207 1273 3274 libros
1295 3209 1336 3275 ad
1379 3280 1384 3289 ,

110 3323 302 3411 religionem
325 3329 520 3412 pertinentes
542 3327 758 3413 reciperetnrl
797 3327 907 3410 Quare
929 3350 1062 3393 necesse
1084 3342 1150 3407 ert,
1183 3341 1219 3393 ut
1241 3326 1337 3393 altior

108 3561 158 3644 ΙΙ)
180 3559 312 3627 Veteris
332 3561 532 3629 Testamenti
554 3579 701 3629 auctores
723 3567 912 3651 saepissime
939 3563 1078 3650 figuratis
1105 3577 1235 3629 utuntur
1260 3582 1334 3626 ora-

108 3678 222 3755 ticne;
257 3683 404 3766 inprimis
431 3697 538 3747 autem
566 3681 645 3749 illud
675 3686 919 3761 commercium,
954 3683 1039 3769 quod
1061 3683 1279 3758 interieram
1300 3693 1335 3745 et
1362 3725 1368 3733 ›

107 3794 479 3881 populum-Hebraicum
500 3805 699 3867 intercedere
720 3802 928 3880 credebatur,
950 3802 1094 3886 conjugii
1110 3802 1210 3864 instar
1224 3800 1335 3864 existi·
1392 3844 1398 3856 .

107 3927 199 3978 mant
216 3917 283 3998 “lt
308 3937 370 4002 qno
389 3915 441 3994 fit,
465 3930 499 3981 ut
519 3918 666 4004 populum
688 3942 709 3984 a
730 3903 830 3985 levae
853 3920 939 3985 cultu
963 3918 1165 3984 deficientem
1185 3915 1334 3983 adulterii

150 4149 208 4232 56)
229 4155 709 4245 tes.>lrtv,u;teron.11,.ts
736 4159 876 4232 Ennii,
900 4157 950 4218 le.
1025 4206 1047 4227 ‚.
1134 4208 1137 4214 .
