2904 4942
454 334 494 394 De
513 337 582 408 stylo
610 336 767 396 cuminam
787 335 979 397 Arabicarum.
1268 332 1337 409 rub,

107 495 192 560 riam
215 489 355 579 deflent,
375 517 451 562 mox
474 496 588 567 cameli
612 495 665 563 vel
685 503 759 586 equi
774 503 826 565 soi
843 504 974 565 virtutae
990 500 1191 585 praedicant,
1213 499 1329 565 deinde
1430 576 1435 595 .

109 615 279 704 audaciam
294 634 405 694 auen,
427 614 648 680 fortitudinem
666 630 759 704 atque
775 617 999 684 liberalitatem
1014 617 1164 689 laudibus
1179 618 1331 699 efferunt,

108 752 221 816 parum
243 730 392 811 solliciti,
415 747 451 797 nt
470 733 617 798 diversae
639 733 701 801 bae
723 758 776 801 res
794 737 962 801 commodo
984 757 1069 800 nexu
1091 739 1174 801 inter
1195 757 1232 801 se
1252 757 1332 803 con·

105 842 296 934 jungantur.
356 849 451 926 Quod
480 853 520 917 ad
550 850 742 917 elocutionis
769 855 891 917 adtinet
920 851 1175 937 simplicitatem,
1205 854 1332 921 veteres

108 965 160 1030 illi
191 977 310 1052 potitae
338 968 424 1037 baud
461 969 568 1057 longis
601 968 772 1036 verborum
809 969 998 1057 ambagibus
1034 985 1182 1050 utuntur,
1220 992 1331 1055 verum

109 1104 221 1170 presse
252 1099 307 1166 et,
341 1101 494 1174 quantum
521 1092 681 1169 sermonis
709 1090 829 1175 poetici
866 1091 1030 1175 ingenium
1060 1090 1194 1174 petitur,
1231 1091 1331 1154 etiarn

109 1205 277 1288 perspicue
297 1204 482 1292 loquuntur.
518 1202 709 1293 Exemplum
731 1207 985 1290 jucundissimae
1002 1204 1214 1291 simplicitatis
1229 1204 1332 1271 habas

109 1320 146 1384 iu
175 1321 373 1412 pereleganti
401 1324 460 1391 illo
487 1325 618 1392 Albam·
646 1325 709 1391 dett
736 1312 892 1391 Mordeat
918 1326 1077 1409 poematia
1112 1326 1147 1389 in
1176 1321 1331 1404 Hamasd,

109 1440 203 1533 cujus
226 1454 289 1506 tres
311 1444 434 1528 priores
454 1442 630 1510 versiculos
651 1442 747 1510 liceat
768 1463 949 1529 apponere:

323 2384 474 2452 Vides'
444 2410 547 2453 vrrum
511 2276 835 2476 ”gracilemsq
772 2389 957 2474 sperniaque
980 2407 1072 2465 enm,
1168 2380 1169 2385 ’

323 2504 367 2570 Αι
389 2508 423 2570 ἰιι
447 2508 590 2572 vestibus
613 2511 683 2592 ejus
705 2506 758 2571 leo
780 2506 972 2590 impavidus.

321 2621 452 2716 Miraris
474 2629 624 2712 egregiae
646 2628 771 2691 formae
791 2628 942 2709 juvenem
964 2642 1099 2707 eumque
1121 2621 1257 2704 probae,

294 2719 296 2723 l
323 2740 388 2806 Sed
410 2741 493 2807 fallit
517 2748 698 2829 opinionem
720 2760 806 2810 tuam
831 2746 880 2808 vir
902 2744 1050 2829 egregiae
1070 2739 1205 2829 formae.

321 2856 395 2923 Non
419 2874 468 2924 eat
491 2862 676 2946 magnitudo
700 2864 840 2927 virorum
862 2863 940 2946 ipsis
962 2841 1104 2944 gloriae,

304 2977 363 3040 Ἀι
385 2977 489 3064 gloria
511 3000 622 3041 eorum
645 2983 844 3065 generositas
866 2992 898 3043 et
921 2980 1032 3042 virtus.

112 3093 209 3159 Haud
233 3070 305 3157 raro
327 3093 516 3160 elocutionis
538 3094 735 3182 simplicitati
756 3099 914 3162 sermonis
936 3096 1051 3182 politici
1075 3072 1239 3179 ingenium
1262 3091 1333 3158 offi-

114 3194 188 3278 cere
224 3215 358 3278 videtur.
415 3211 561 3299 Namque
597 3231 632 3279 ut
665 3230 826 3280 taceamus
858 3216 1134 3300 frequentissimas
1163 3216 1332 3299 imagines,

116 3333 232 3419 quibus
253 3345 385 3396 utuntur
407 3343 534 3418 poetae,
556 3346 589 3394 et
610 3330 689 3396 illud
713 3337 875 3420 proprium
893 3337 984 3419 quasi
1006 3335 1069 3398 sibi
1091 3334 1264 3413 vindicant,
1287 3345 1333 3410 ut,
1373 3390 1376 3401 .

114 3452 224 3537 spreti
245 3471 351 3514 rerum
374 3453 501 3536 proprii
523 3450 802 3530 denominatione,
826 3453 953 3517 easdem
977 3452 1018 3517 ab
1041 3450 1164 3537 aliquit,
1192 3472 1273 3537 quae
1293 3452 1334 3513 iis

113 3573 280 3650 inhaeret,
317 3572 393 3634 notri
422 3567 591 3655 appellent.
622 3567 744 3660 xHaud
781 3573 908 3658 qnidam
945 3569 1164 3647 diffitendum,
1202 3566 1335 3652 linguae

113 3689 274 3756 Arabicae
296 3689 401 3752 miuus
423 3688 533 3770 peritis
562 3688 603 3751 ed
632 3710 667 3753 re
690 3687 906 3753 difficiliorem
934 3689 1023 3752 reddi
1051 3689 1225 3751 carminum
1255 3669 1336 3747 anti·

114 3830 250 3897 qnorum
270 3802 486 3879 intellectnm3
515 3825 620 3889 neque
651 3818 755 3869 tamen
783 3804 973 3870 elocutionis
1001 3802 1234 3890 simplicitatem
1265 3800 1335 3866 tolli

114 3927 231 3992 merito
253 3924 393 3996 dixeris3
415 3933 543 3999 contra,
567 3924 738 3987 dummodo
755 3922 844 3988 illum
868 3923 1018 4010 loquendi
1036 3943 1127 3986 osum
1143 3919 1335 3985 familiarem

61 4020 64 4025 ¹
114 4044 175 4109 tibi
205 4043 400 4117 reddideris,
438 4054 470 4102 et
499 4037 770 4127 elegantissimum
800 4056 832 4106 et
859 4044 937 4107 satia
964 4040 1144 4126 simplicem
1179 4060 1250 4103 esse
1279 4039 1336 4101 de-

112 4159 304 4248 prehendet.
