2904 4942
115 325 157 386 92
255 370 258 376 .
434 397 437 401 1
567 321 640 415 Pars
661 320 702 377 ΙΙ.
749 321 819 397 Gap.
840 320 881 392 ll.
964 401 968 404 -
1050 358 1055 364 ·

117 508 173 554 sae
193 436 338 573 puellae,
363 446 414 548 vel
435 441 538 570 equi,
552 483 685 564 cameli,
704 506 853 578 pugnae,
875 483 994 571 gladii,
1013 482 1120 562 barti,
1143 483 1269 563 flores,
1291 505 1350 547 uu-

107 604 186 684 ¹bes,
210 602 350 689 pluviae,
374 603 502 666 deserta
521 615 581 667 etc.
603 603 829 688 depinguntur.
874 601 1001 679 Quibus
1019 600 1185 666 coloribus
1207 599 1350 686 puellas,

24 736 28 741 ·
115 740 216 806 equos
237 718 426 805 gladiosque
448 721 582 805 pingant
602 717 745 784 Arabum
767 722 899 806 poetae,
925 722 993 804 jam
1015 721 1165 804 superius
1187 719 1349 795 vidimua3

27 856 33 875 ¹
115 858 134 900 e
155 837 348 923 reliquarum
373 857 479 900 rerum
503 838 774 924 descriptionibus
803 837 899 903 liceat
925 859 1021 901 unam
1046 851 1190 915 tantum,
1232 832 1350 900 mmeli

115 937 285 1031 dimirum,
308 956 341 1016 in
366 956 505 1017 medium
530 955 693 1039 proferre,
724 958 805 1041 quod
830 977 869 1019 ea
889 956 1146 1041 frequentissime
1169 957 1206 1019 in
1233 956 1350 1019 cartai-

115 1073 212 1139 aibus
235 1070 383 1136 Arabicis
404 1087 561 1137 occurrat.
617 1071 785 1140 camelum
808 1076 864 1138 vix
886 1072 969 1137 ullus
991 1082 1160 1158 poetarum
1184 1071 1348 1139 Arabico-

115 1212 185 1256 rum
208 1186 478 1273 splendidioribus
501 1194 626 1278 ornavit
648 1190 827 1270 coloribus,
851 1213 945 1278 quam
974 1190 1125 1272 Tar-afa,
1144 1211 1253 1276 quare
1275 1211 1346 1254 cunr

115 1307 316 1393 potissimum
346 1323 508 1372 auctorem
536 1330 717 1394 sequemur.
772 1305 912 1371 Vebitur
942 1316 1037 1392 potita
1065 1307 1213 1387 carnelo,
1247 1312 1346 1392 ..cajus

115 1422 206 1488 calva
230 1424 416 1504 durissima,
447 1402 573 1491 incudis
596 1430 713 1501 instar3
749 1446 851 1512 genae
872 1424 1025 1488 candidae
1047 1422 1223 1512 laevesque
1243 1416 1348 1490 'instar

115 1540 244 1605 chartae
262 1540 431 1623 Syriacae,
454 1541 545 1608 labra
563 1543 672 1628 mollia
691 1547 840 1629 rugisque
856 1518 1021 1621 destituta,
1045 1557 1197 1629 tanquam
1222 1547 1346 1607 corium

113 1660 324 1742 lemaneuse‚·
361 1658 453 1725 oculi¹
477 1661 742 1747 clari·nitidique
773 1682 830 1724 ceu
853 1657 984 1744 specula
1006 1661 1086 1736 duo,
1125 1662 1289 1724 reconditi
1313 1662 1344 1722 in

113 1779 258 1868 cavernis
281 1780 405 1858 saxeis,
436 1781 481 1844 ita
506 1794 539 1844 ut
563 1781 707 1845 scrobem
731 1782 812 1864 aqud
834 1776 988 1862 repletam
1009 1778 1130 1842 referre
1152 1780 1343 1850 videantur;

113 1915 206 1987 aures
235 1908 367 1976 tenues,
404 1900 588 1963 acutissimo
610 1899 719 1961 auditu
743 1898 925 1982 praeditae3
960 1895 1078 1961 collum
1107 1917 1285 1980 procerum
1305 1909 1344 1958 -et

89 2012 213 2099 agile,
246 2012 351 2076 simile
382 2030 486 2080 rostro
519 2018 609 2080 navis
641 2016 775 2078 adverso
804 2013 937 2098 Tigride
968 2027 1096 2094 vecta03
1134 2017 1232 2098 spina
1257 2014 1344 2077 dorsi

19 2140 21 2144 ’
108 2124 231 2217 ,optime
255 2129 394 2213 inflexa,
423 2147 531 2197 costae
553 2135 649 2197 sicuti
669 2154 781 2210 arcus,
811 2153 886 2212 cor,
911 2130 1059 2196 celeriter
1081 2116 1266 2217 palpitans,
1289 2129 1345 2211 firf

108 2270 198 2313 tuum
221 2260 370 2334 tauquam
393 2271 527 2330 saxum,
559 2251 683 2315 femora
705 2271 800 2314 carue
821 2248 926 2314 solidis
946 2234 1118 2328 instructa,
1143 2251 1253 2314 instar
1275 2247 1343 2313 val·

111 2389 221 2432 varum
245 2363 367 2431 excelsi
385 2366 496 2453 palatii
517 2367 728 2459 assurgentia,
751 2370 849 2455 pedes
866 2367 965 2452 agiles
988 2383 1020 2444 et
1033 2366 1224 2446 firmissimi,
1248 2388 1343 2432 cursu

108 2482 407 2557 struthiocamelum
436 2502 627 2571 aequantes,
669 2490 810 2551 universi
839 2488 975 2571 denique
1004 2488 1148 2571 corporis
1169 2491 1342 2551 'structura

113 2604 325 2700 corrrparanda
349 2585 440 2688 porlti
457 2604 500 2667 ab
521 2603 694 2668 architecto
707 2603 832 2697 Graeco
844 2618 1029 2681 exstructo,
1052 2606 1106 2689 qui
1121 2605 1341 2687 jurejurando

111 2743 147 2786 se
169 2719 402 2799 obstrinxerat,
423 2720 643 2786 firmissimum
662 2743 733 2786 sese
756 2743 836 2806 opus
858 2721 1065 2785 conditurum.
1108 2720 1221 2804 Hujus
1245 2743 1343 2808 gene·

105 2841 156 2916 ris
188 2838 419 2923 descriptiones
448 2861 541 2925 quam
571 2838 728 2925 plurimae
758 2843 791 2903 iu
820 2837 1030 2912 carminibus,
1062 2839 1177 2924 quibus
1201 2840 1343 2909 Moalla·

111 2955 383 3044 karumnnomen,
404 2959 626 3032 inveniuntur3
656 2978 736 3043 quae
757 2958 865 3022 omnia
886 2957 918 3018 in
943 2957 1055 3019 eodem
1075 2957 1145 3020 fere
1163 2973 1343 3024 uersentur

42 3151 44 3155 Ι
111 3085 315 3158 argumento,
354 3077 386 3137 iu
417 3074 637 3139 describendis
667 3073 802 3159 puellis,
834 3078 941 3161 equis,
962 3072 1124 3156 camelis,
1155 3075 1341 3164 bellicdque

112 3201 226 3278 poetae
247 3191 445 3256 fortitudine.
500 3192 638 3277 Fingunt
660 3213 773 3278 nempe
797 3191 1032 3257 Moallalraram
1063 3205 1233 3272 arrctores,
1269 3217 1342 3265 sese

15 3331 20 3348 ¹
110 3309 238 3391 locum,
267 3309 416 3394 apuellai
438 3313 584 3374 adamati
607 3311 765 3396 quondam
788 3305 1019 3384 inhabitatum,
1053 3329 1122 3372 cum
1146 3315 1247 3378 sociis
1270 3316 1341 3403 qui-

111 3429 245 3494 busdam
280 3429 430 3492 invisere.
458 3444 462 3453 ·
491 3427 678 3515 Conspectis
713 3428 831 3492 deserti
857 3425 924 3507 jam
951 3421 1014 3486 loci
1042 3427 1213 3494 ruderibus
1244 3441 1343 3517 potita

112 3567 258 3611 moerore
289 3544 456 3621 adficitur3
497 3546 593 3610 deflet
623 3546 788 3610 absentem
816 3544 972 3617 amicam,
1008 3544 1140 3628 ejusque
1169 3555 1341 3636 egregiam

112 3666 247 3728 formam
272 3665 426 3748 depingit.
479 3662 612 3750 Colligit
634 3666 760 3727 tandem
783 3664 942 3738 animum,
980 3673 1012 3722 et
1035 3659 1220 3749 longinquis
1245 3671 1342 3734 itine-

110 3780 201 3846 ribus
223 3783 455 3867 aegritudinem
480 3781 600 3868 pellera
622 3783 772 3847 instituit.
816 3776 887 3842 Jam
908 3780 947 3842 ad
969 3800 1105 3864 equum,
1133 3785 1204 3846 sive
1229 3809 1343 3853 came

111 3892 197 3981 lum,
233 3899 356 3963 itineris
384 3902 580 3984 suscipiendi
612 3902 777 3972 comitem,
813 3896 1056 3960 describendum
1080 3904 1205 3966 transit.
1265 3905 1343 3982 Qui

113 4014 297 4100 perfunctus
317 4017 530 4103 descriptione
551 4020 795 4104 imperterritum
819 4018 977 4092 animum,
1000 4012 1222 4084 fortitudinem
1242 4037 1342 4110 atque

112 4131 339 4198 liberalitatem
361 4157 451 4201 suam
474 4136 658 4221 praedicat,
686 4136 829 4222 vitaeque
848 4133 1064 4199 'instituendae
1086 4153 1260 4223 praecepta
1279 4143 1341 4207 ad.
