2904 4942
531 1035 814 1106 Parsl.

237 1195 279 1252 De
301 1197 410 1272 oriqine
423 1204 456 1253 -et
479 1197 570 1254 raude
590 1200 702 1271 poeseos
725 1201 802 1274 apud
825 1200 963 1258 Hebraeos
986 1196 1149 1277 Arabesque.
1248 1197 1252 1206 '

487 1470 490 1476 Ι
574 1389 706 1461 (top.
741 1393 773 1448 1.

353 1517 390 1580 Dc
416 1529 514 1593 origiue
542 1537 570 1580 et
594 1529 681 1582 crusis
706 1532 816 1599 poiseus
842 1532 995 1583 Hebraicse.

489 1618 496 1625 ..
837 1612 845 1634 1

633 1721 662 1795 ἦ.
685 1718 711 1782 i.

61 1807 223 1915 Pobscos
244 1846 426 1913 Hebraicae
450 1852 605 1934 originem
635 1853 676 1914 ad
705 1852 927 1936 antiquissima
950 1864 1093 1935 tempora
1122 1854 1285 1932 recedere,
1433 1928 1435 1937 .

64 1991 163 2034 nemo
186 1967 252 2044 est,
286 1969 339 2052 qui
362 1981 414 2031 eat
435 1968 565 2032 infitias.
618 1967 764 2055 Namque
786 1972 814 2034 si
839 1988 946 2031 verum
977 1981 1045 2047 est,
1086 1990 1195 2033 saeros
1218 1969 1289 2032 He-

63 2089 238 2154 braeorum
268 2060 392 2164 libros,
431 2107 512 2170 quos
534 2086 663 2152 Veteris
689 2087 891 2152 Testamenti
916 2067 1138 2169 complectitur
1166 2088 1283 2165 codex,

61 2205 297 2291 antiquissimis
318 2202 451 2267 bomani
479 2207 601 2290 ingenii
624 2208 838 2270 monumentis
860 2226 931 2268 esse
944 2205 1231 2291 'adnumerandos3
1260 2208 1289 2269 si

61 2346 174 2388 verum
194 2334 261 2400 est,
285 2311 389 2407 prima
407 2325 550 2406 cujusvis
573 2323 680 2410 popuii
699 2326 867 2388 conamina
889 2321 1031 2385 literaria
1055 2324 1190 2406 potiticis
1214 2343 1288 2386 eon·

63 2445 160 2508 tiueri
183 2439 327 2504 lusibus:
361 2462 456 2504 nemo
478 2443 622 2527 profecto
644 2442 791 2530 negabit,
824 2450 960 2527 poeseos
982 2439 1163 2504 Hebraieae
1187 2443 1288 2525 origi·
1316 2502 1321 2513 ,

65 2582 138 2626 nem
162 2583 182 2623 a
203 2561 428 2638 remotissimis
450 2562 648 2648 temporibus
671 2584 743 2627 esse
766 2562 981 2645 repetendam.
1035 2557 1126 2634 Quae
1148 2578 1219 2621 cum
1243 2561 1288 2620 ita

63 2683 150 2759 sint,
174 2679 343 2763 insigniter
365 2693 471 2744 tamen
496 2679 647 2744 alucinati
668 2697 742 2747 sunt
763 2682 825 2742 viri
849 2680 933 2743 docti
952 2680 984 2742 in
1003 2675 1187 2741 definiendo
1209 2690 1290 2741 tem-

63 2819 161 2884 pore,
176 2817 247 2881 ,quo
263 2792 487 2862 Hebraeorum
507 2802 616 2885 podsis
634 2802 801 2885 omnisque
819 2801 850 2861 in
870 2800 1054 2861 universum
1074 2793 1181 2878 populi
1200 2793 1290 2863 iliius

64 2939 121 2983 res
142 2914 284 2979 literaria
307 2917 463 3000 originem
487 2917 645 2983 babuerit.
688 2915 834 3002 Namque
855 2917 962 2992 fuere,
985 2913 1039 2998 qui
1052 2915 1100 2975 rei
1114 2909 1289 2991 literariee,

64 3038 135 3098 imo
172 3033 473 3100 conscribendorum
513 3035 667 3101 librorum
708 3038 791 3120 apud
829 3035 997 3099 Hebraeos
1034 3033 1126 3095 initia
1161 3031 1214 3095 rel
1240 3035 1292 3126 ‚ad

65 3151 308 3232 Abrotonum,
342 3157 447 3238 gentis
470 3155 652 3220 Hebraicae
681 3157 900 3232 conditorem,
932 3153 1089 3216 referrent
1117 3150 1157 3235 ¹).
1209 3150 1289 3230 Alii,
1385 3213 1389 3220 .

67 3275 130 3337 etsi
145 3271 231 3336 haud
252 3273 290 3335 ad
308 3272 529 3338 Abrudumurn
551 3296 651 3373 usquq
674 3275 878 3351 recederent,
902 3285 1009 3334 tamen
1030 3268 1152 3355 aliquot
1173 3259 1291 3333 se'cuiie

65 3405 143 3456 ante
165 3390 272 3456 Moer'e
295 3403 432 3457 aetatem
454 3414 521 3457 rem
539 3392 764 3459 Hebraeorum
786 3389 980 3470 literarium,
1002 3389 1138 3473 proinde
1161 3401 1193 3451 et
1214 3395 1292 3472 poti-

64 3512 119 3574 siu
141 3511 268 3573 initium
296 3513 450 3575 sumsisse
477 3511 711 3576 contenderunt
735 3511 777 3594 ²).
834 3507 925 3585 Quae
947 3528 1058 3572 eorum
1081 3508 1220 3572 maxime
1243 3519 1292 3570 est

67 3682 273 3691 —————--

111 3784 145 3865 l)
176 3786 296 3860 lmmpu.
320 3785 447 3867 liutgeri
478 3786 660 3849 introductio
682 3784 818 3865 practica
847 3784 877 3843 iu
901 3785 966 3844 Vet.
990 3784 1127 3843 Teutam.
1154 3782 1257 3851 Portis
1281 3784 1294 3840 t

152 3909 181 3967 p.
204 3885 235 3960 6,
258 3906 342 3968 sequ.
479 3965 482 3971 Ι

112 4003 147 4085 2)
177 4005 332 4066 Leonerdi
363 4005 532 4066 Bortboldti
562 4003 745 4071 introductio
775 4003 881 4063 histor.
913 4002 981 4063 erit.
1009 4003 1039 4062 iu
1067 4002 1134 4062 Vct.
1156 4001 1292 4079 Noviquc

27 4090 29 4095 Α
155 4110 293 4170 Testem.
318 4109 431 4178 libros,
454 4107 490 4167 P.
507 4109 559 4180 tn,
582 4131 610 4188 p.
624 4106 686 4169 837
697 4131 706 4181 ς
730 4104 811 4166 conf.
833 4105 869 4165 P.
885 4107 908 4177 1,
927 4128 956 4186 p.
970 4102 1008 4173 5.,

989 4224 1042 4282 1.
