2904 4942
547 376 550 382 .
595 331 786 408 evaporatio,
1209 384 1216 393 ,
1238 311 1307 397 213²

76 512 116 557 ao
135 495 273 578 positam
304 503 376 556 ease
404 495 559 578 putarim,
589 496 674 580 quod
696 493 932 560 Hebraeorum
949 503 1061 582 poetae
1092 496 1252 582 utinquam
1280 516 1301 562 a

74 612 155 678 saud
174 610 344 697 sobriisque
373 628 486 677 monto
511 613 592 676 adeo
623 611 834 693 deflexerint,
860 634 955 697 quam
978 613 1128 699 religiosi
1149 612 1217 695 illi,
1248 613 1299 680 vel

74 729 206 793 fanatici
224 727 369 808 Arabes,
401 733 552 816 quirem
576 731 828 810 sanctissimam,
855 733 995 795 numinis
1018 733 1117 794 divini
1141 753 1295 812 amorem,

71 843 295 911 lascivissimis
317 849 477 912 interdum
497 848 691 933 imaginibus
714 847 879 912 involvere
900 845 1209 914 haud-veriti'snut.

580 1021 617 1113 i·
655 1014 777 1080 cxiv.
891 1040 898 1059 ι

77 1139 79 1142 ’
155 1147 243 1217 luter
272 1150 399 1217 dicendi
429 1150 570 1238 figuras,
610 1171 692 1236 qnae
727 1153 759 1213 in
791 1147 1012 1214 Hebraeorum
1046 1150 1136 1235 puisi
1165 1148 1293 1215 obviam

70 1280 165 1346 aunt,
197 1269 335 1352 denique
363 1281 396 1332 et
420 1269 586 1354 parabola
614 1266 792 1333 referenda.
839 1266 931 1331 Huoc
960 1266 1065 1352 figura
1094 1269 1127 1330 in
1150 1265 1294 1333 Arabum

69 1384 265 1463 carminibus
287 1385 501 1461 desideratum
531 1388 615 1472 quod
640 1384 723 1448 haud
745 1387 943 1464 mirandum,
974 1385 1132 1471 siquidem
1154 1397 1186 1446 et
1209 1385 1292 1468 apud

67 1499 238 1594 Hebraeos
279 1504 406 1564 uouuisi
446 1505 477 1565 in
510 1486 735 1586 prophetarum
766 1505 912 1585 scriptia,
953 1503 1093 1563 maximo
1122 1504 1292 1594 seriorum,

67 1612 201 1702 quorum
224 1618 350 1683 dicendi
378 1640 479 1703 genus
506 1604 654 1704 proxime
683 1621 722 1683 ad
752 1622 928 1703 pedestrem
951 1619 1073 1682 accedit
1101 1613 1312 1700 orationem,
1397 1694 1400 1700 ³

66 1728 175 1799 locum
200 1735 307 1802 babet.
351 1737 540 1813 Quinimmo
557 1737 626 1819 jam
650 1737 721 1818 ipsi
746 1739 858 1799 namra
882 1739 940 1800 sud
962 1733 1131 1820 parabola,
1154 1756 1223 1798 curu
1247 1737 1290 1799 sit

64 1856 112 1916 rei
136 1855 302 1938 cujusdam
322 1844 416 1919 fiotao
439 1856 599 1930 narratio,
631 1830 677 1916 ad
701 1852 922 1917 illustrandum
953 1854 1117 1917 veritatem
1148 1850 1288 1937 aliquam

65 1971 226 2048 adhibita,
262 1976 364 2060 magis
394 1975 432 2037 ad
465 1973 661 2056 pedestrem,
696 1992 789 2055 quam
822 1972 978 2055 poeticam
1008 1970 1185 2033 orationem
1215 1956 1314 2053 per-,4

64 2091 168 2152 tinere
192 2065 324 2152 videtur·
348 2127 387 2140 -
417 2087 468 2153 De
490 2089 640 2173 reliquis,
672 2088 806 2149 minoris
835 2088 988 2149 momenti
1011 2082 1146 2170 figuris,
1170 2084 1286 2171 quibus

65 2204 287 2271 Hebraeorum
303 2203 507 2293 Arabumque
531 2217 654 2292 poetae,
678 2219 802 2290 praeter
826 2217 1033 2277 memoratas,
1056 2217 1197 2297 utuntur,
1221 2223 1293 2277 uon,

64 2336 130 2411 est,
153 2325 235 2411 quod
258 2324 419 2399 dicamus3
443 2329 579 2401 etenim,
605 2328 637 2387 ni
660 2320 819 2399 fallimur,
839 2323 908 2402 jam
931 2343 972 2384 ex
994 2319 1079 2398 illis,
1103 2341 1184 2404 quae
1209 2296 1287 2384 huc·

64 2423 140 2505 dum
163 2421 411 2526 disputavimus,
444 2441 629 2527 adparebit,
663 2455 813 2525 qnantum
842 2438 1006 2521 utriusque
1032 2435 1142 2522 populi
1165 2438 1284 2533 poesis,

63 2557 179 2643 stylum
202 2563 229 2624 ai
252 2539 394 2644 spectes,
425 2563 509 2624 iuter
531 2580 566 2623 se
590 2558 767 2620 consentiat
795 2567 890 2637 atqua
912 2553 1048 2618 differat.

497 3064 701 3136 Plora
748 3061 836 3131 av.
895 3021 898 3026 ’

31 3324 35 3331 ,
169 3256 211 3313 Da
232 3254 347 3314 extend
368 3256 523 3313 carminum
544 3253 746 3311 Hebraicorom
768 3261 851 3323 utque
870 3253 1051 3308 Arabicarum
1072 3251 1174 3323 torma.
1294 3328 1296 3332 λ

543 3466 715 3536 (lap.
760 3465 799 3519 1.

350 3604 388 3655 Dc
417 3603 525 3655 externi
543 3605 682 3656 carminum
701 3602 886 3655 Hebruiooruur
905 3595 996 3650 lorini.
1034 3586 1037 3591 ’

552 3817 557 3822 -
588 3775 616 3850 9.
647 3769 752 3834 CXV.
794 3820 797 3826 .

91 3940 94 3947 ¹
146 3904 219 3970 Jaru
241 3906 317 3969 iudo
339 3905 379 3970 ab
402 3907 633 3990 antiquissimis
657 3904 852 3988 temporibus
882 3923 900 3962 a
933 3902 1009 3962 viris
1031 3899 1133 3962 doctis
1155 3898 1281 3981 quaesi·

59 4037 128 4090 tum
152 4024 231 4102 luit,
264 4042 420 4107 quaenam
443 4036 579 4086 externa
600 4024 774 4084 carminum
797 4020 1031 4082 Hebraicornm
1053 4017 1148 4079 luerit
1169 4014 1284 4092 forma,

61 4155 168 4206 utrum
195 4138 326 4226 legibus
355 4142 515 4217 metricis,
552 4139 592 4201 ad
622 4141 720 4201 instar
751 4139 928 4203 cetininam
957 4133 1166 4199 Graecorum·
1190 4146 1285 4222 atquo
1420 4212 1423 4217 Ι
