2904 4942
370 319 411 379 Dc
431 322 546 380 eutermi
566 293 947 394 cuminumtllebroicorum
966 320 1072 395 sumu.
1267 296 1339 384 bil*

107 477 181 545 Jaru
204 481 245 544 ad
266 477 412 546 laudatos
433 485 516 569 qnod
539 487 660 549 adtinet
681 504 810 562 versus,
833 485 902 545 sive
926 482 1166 560 Bellermcnni,
1189 482 1258 546 sire
1272 480 1332 545 Jo-

72 642 77 648 ·
109 606 214 678 ncra'r',
244 602 314 662 sive
335 604 479 684 cujusvis
506 602 590 666 alifis
614 615 781 688 praecepta
808 602 941 664 metrica
959 603 1127 684 'sequaris,
1157 620 1221 663 nun
1247 599 1336 661 vide·

95 736 201 799 mus,
231 718 295 803 qui
316 721 440 782 ratione
461 720 501 782 cd
520 719 602 802 justi
626 717 805 783 hexametri
829 715 1010 783 mensuram
1033 719 1156 801 possint
1179 716 1333 787 revocari.

110 833 226 900 Mouet
246 837 372 921 quidem
390 836 657 916 Bellererorraet,
676 835 864 921 irreptum,
886 834 1076 912 Eusebium,
1098 834 1333 916 Hieronymum

110 951 434 1042 aliosque-ecclesiae
456 968 580 1040 petrea,
608 955 663 1017 ubi
693 955 734 1017 de
755 952 952 1018 hexametris
981 967 1013 1016 et
1033 953 1241 1038 pentametris
1262 950 1335 1015 He·

107 1069 282 1158 braeorum
297 1070 445 1136 versibus
458 1070 660 1161 loquantur„
670 1092 734 1135 nou
751 1069 1115 1135 Graecorumnumeroe
1135 1089 1336 1134 mensuraru-

112 1208 174 1272 que
197 1192 395 1272 respexisse3
417 1187 640 1253 Hebraeorum
654 1188 878 1252 hexametrum
897 1210 963 1252 nou
984 1209 1057 1252 esse
1079 1189 1141 1252 nisi
1156 1185 1334 1268 iambicum

111 1307 294 1379 senarium,
323 1302 376 1368 vel
404 1309 614 1370 octonarium.
665 1305 711 1370 At
738 1327 814 1371 reru
836 1306 1072 1389 Hieronymus,
1101 1305 1165 1369 nisi
1194 1305 1336 1367 carmina

111 1420 276 1486 Hebraica
297 1426 336 1488 ad
354 1423 548 1488 Graecorum
572 1444 724 1488 numeros
746 1444 900 1486 revocare
914 1421 1086 1499 voluisset,
1109 1423 1165 1486 vix
1186 1422 1335 1503 dixisset,

111 1537 229 1605 Juburn
250 1543 396 1605 versibus
417 1540 630 1616 hexametris,
651 1539 779 1623 dactylo
800 1541 1008 1626 spondeoque
1023 1538 1238 1615 currentibus,
1261 1558 1358 1603 con·-

114 1662 266 1744 scrinium
289 1679 379 1732 esre3
404 1657 607 1742 psalmosque
629 1659 662 1720 in
686 1678 808 1721 morem
830 1653 950 1721 Flacci
969 1670 1064 1740 atque
1084 1656 1232 1720 Pindari
1252 1675 1338 1718 nunc

112 1775 230 1840 lumbo
257 1797 403 1854 currere,
434 1798 520 1841 nunc
541 1772 673 1837 Alcaico
695 1795 885 1859 personare,
915 1795 999 1836 auno
1022 1771 1181 1857 Sapphico
1202 1783 1337 1835 tumere.

113 1893 181 1957 seu
212 1895 443 1972 concedamus,
473 1914 567 1978 quem
594 1891 774 1976 Jucepllur,
804 1889 969 1983 Eusebius
997 1904 1091 1975 atque
1117 1889 1339 1970 Hieronymus

113 2011 337 2075 hexametrum
360 2013 488 2088 dixere,
511 2031 574 2073 nou
596 2031 668 2072 ease
693 2011 755 2072 uisi
774 2008 950 2091 iambicum
973 2009 1152 2084 senarium,
1176 2003 1227 2067 rel
1250 2017 1339 2071 ouo·

114 2132 265 2209 uarium,
300 2128 385 2192 baud
421 2142 528 2191 tamen
566 2126 597 2189 id
631 2128 737 2209 ipsum
770 2127 864 2189 metri
902 2144 1004 2207 genus
1035 2121 1123 2195 Jobo,
1155 2112 1337 2187 conveniet.

115 2246 264 2333 Namque
299 2268 341 2310 ex
378 2249 484 2330 ipsius
505 2245 734 2309 Bellermcmrr‘
763 2243 923 2304 sententiat
955 2261 1104 2304 versuum
1138 2239 1340 2319 laudatorum

115 2366 214 2449 pedes
237 2366 408 2427 maximam
432 2376 553 2448 partem
565 2360 727 2425 trochaici
744 2374 836 2434 sunt3
857 2372 1067 2442 onustarum
1089 2358 1185 2442 pedes
1206 2360 1339 2423 minime

115 2484 442 2565 omniurn-recipiunt
463 2478 600 2544 iambici
622 2479 752 2542 senarii.
795 2474 927 2549 Rectius
954 2477 1053 2560 igitur
1077 2489 1216 2551 statuas,
1239 2472 1339 2555 luec-
1428 2523 1431 2527 .

111 2599 215 2685 plura
234 2613 268 2662 et
288 2602 413 2682 pmsoae
437 2596 593 2661 ecclesiae
610 2605 719 2680 patres
735 2583 957 2657 Hebraeorum
981 2594 1124 2655 carmina
1141 2593 1277 2653 omnino
1298 2589 1340 2653 sd

114 2715 314 2781 Graecorum
343 2735 496 2779 numeros
524 2733 676 2776 revocare
706 2708 866 2787 voluisse,
893 2730 998 2794 neque
1028 2724 1134 2772 tamen
1163 2710 1340 2771 carminum

114 2833 246 2899 illorum
270 2837 426 2899 rationem
449 2833 613 2897 metricam
635 2828 737 2914 probe
762 2841 960 2913 perspectum
981 2824 1145 2908 babuisse·
1178 2884 1181 2891 .

117 3002 325 3020 *uua-⁸·—

107 3112 125 3132 ”
204 3112 510 3195 ᾓοτυίοαάριηυῐῡοζ
550 3119 645 3185 Quum
663 3114 779 3175 Arabes
803 3114 833 3172 iu
855 3112 1003 3171 metiendi
1025 3110 1204 3190 syllabarum
1221 3108 1340 3190 quanti·

204 3232 268 3284 tate
284 3200 419 3282 statuunt
435 3222 550 3303 legem,
572 3220 694 3279 eundern
709 3215 851 3275 louesius
867 3214 896 3272 in
911 3212 1113 3272 Hebraeorum
1134 3210 1217 3291 poesi
1240 3202 1341 3288 sequi·

121 3330 125 3334 ’
205 3335 264 3386 tur.
306 3311 477 3391 Quercens
498 3316 647 3400 syllabus,
670 3323 820 3399 quaeant
842 3322 1044 3387 consonante,
1069 3321 1122 3372 aut
1143 3313 1233 3371 litera
1248 3309 1341 3388 'quie-

204 3436 309 3488 scente
324 3427 536 3496 terniuautur,
557 3425 668 3503 longas
688 3419 781 3490 dicit,
802 3424 908 3476 contra
922 3415 1045 3488 breues,
1065 3433 1143 3495 quac
1160 3413 1190 3472 in
1207 3411 1342 3473 vocalem

120 3542 123 3547 '
209 3530 358 3591 desinunt.
401 3528 488 3593 Quod
510 3545 573 3588 cum
592 3524 671 3585 baud
688 3521 910 3601 improbandum
935 3519 993 3589 sit,
1017 3517 1046 3576 iu
1067 3535 1103 3574 eo
1125 3521 1221 3575 tamen
1238 3512 1341 3590 lapsus

118 3696 124 3703 ,
194 3632 325 3703 ‚uitetur
344 3628 391 3688 vir
412 3627 620 3697 doctissimus,
642 3625 719 3705 quorl
736 3623 774 3682 iis
792 3620 951 3695 consonis,
975 3632 1051 3698 quae
1070 3616 1099 3675 iu
1115 3613 1262 3697 principio
1279 3612 1341 3689 syl-

208 3732 295 3791 labae
311 3729 409 3790 vocali
425 3729 606 3797 destitutae,
630 3709 765 3805 oleoque
781 3723 884 3781 scbwei
899 3718 1000 3778 mobili
1021 3724 1143 3775 notatae
1164 3722 1249 3786 sunt,
1272 3712 1343 3771 bre-

206 3852 271 3892 vem
285 3830 418 3891 vocalem
434 3808 562 3900 tribuat3
586 3846 643 3906 quo
659 3824 704 3898 fit‚'
718 3834 751 3884 ut
765 3843 791 3882 e.
801 3844 832 3903 g.
848 3820 1019 3893 vocabulum
1035 3816 1158 3904 eatbam]
1173 3814 1343 3884 derusclum

117 3919 123 3947 ⁵
208 3933 395 4014 pronuntiet,
426 3927 512 4009 quasi
537 3926 721 4004 trisyllabum
748 3930 845 3996 esset3
879 3942 943 3981 cum
965 3927 1064 3980 tumen
1084 3914 1201 3977 nonnisi
1227 3914 1342 3975 duatus

161 4034 164 4039 ’
210 4041 330 4094 constet
351 4030 477 4109 syllabis
487 4072 496 4101 ,
519 4035 551 4087 et
569 4028 722 4086 drfiecbnu
740 4023 922 4087 efferendum
939 4022 990 4080 sit.
