2880 4950
54 349 63 361 “
103 326 166 389 too
520 364 523 371 ·
555 322 628 383 Pers
647 323 703 382 111.
742 318 819 401 'cop
840 323 864 382 1.
928 416 931 421 .

106 492 317 579 proprietatos
352 486 496 572 exponit.
551 486 589 551 ln
623 485 736 556 limine
772 464 1000 571 praelectionis
1029 481 1132 566 nujus
1161 478 1326 559 Lundstr

107 620 239 674 monete
253 604 312 684 „ln
331 602 555 669 Hebraeorum
570 604 671 668 sacris
685 624 755 683 res,
776 602 865 679 loca,
886 611 1044 688 tempora,
1067 598 1324 694 officimstos'is

107 746 169 812 que
190 721 395 808 hujusmodi,
426 718 583 805 duplicem
611 724 704 806 queri
732 743 900 807 personum
929 721 1108 798 sustinent,
1136 738 1236 782 unum
1258 738 1323 803 pro-

106 845 226 930 priam,
249 838 383 905 alterem
406 815 612 925 allegoricum
623 859 632 912 ;
645 840 799 925 adeoque
820 843 982 903 incorum
998 841 1125 923 scriptis
1139 839 1187 900 itu
1201 837 1324 901 tractari

107 973 261 1049 possunt,
283 971 317 1023 ut
339 956 392 1020 vel
412 956 531 1040 liujus,
561 955 613 1019 vel
632 955 720 1022 illius
742 956 962 1037 solummodo,
986 955 1037 1020 vel
1059 949 1165 1020 etiarn
1179 967 1216 1018 nt
1236 951 1329 1036 sinul-

108 1083 273 1164 utriusque
297 1078 380 1139 ratio
402 1072 569 1140 habeatur.
615 1073 764 1160 Exempli
793 1078 897 1162 gratia
925 1073 1140 1154 de'Daos'de,
1169 1074 1212 1137 de
1235 1071 1323 1138 sco

108 1217 222 1276 mone,
245 1196 286 1258 de
309 1192 547 1275 Hierosolymis
574 1196 619 1257 ito
647 1184 751 1279 potest
778 1194 903 1257 institui
932 1214 1057 1271 sermo,
1086 1205 1120 1256 ut
1142 1192 1321 1278 simpliciter

107 1312 329 1398 intelligantur
353 1307 405 1373 vel
425 1309 503 1373 urbs
523 1312 595 1394 ipsu
615 1313 750 1395 ejusque
772 1331 885 1396 reges,
913 1309 966 1373 rel
987 1331 1045 1389 ea,
1077 1331 1158 1395 quae
1179 1312 1215 1374 iu
1239 1308 1322 1377 anmi

108 1431 263 1497 iudaicae
278 1425 444 1513 religionis
458 1425 615 1513 allegoria
629 1449 686 1513 per
700 1414 812 1493 urbem
829 1450 984 1515 regesque
999 1427 1075 1492 illos
1091 1424 1321 1514 significatam

92 1546 162 1641 ¹vel
183 1550 302 1626 etium,
338 1559 373 1609 nt
398 1558 566 1630 utramque
596 1559 716 1632 partem
744 1545 840 1610 simul
868 1549 1018 1631 respiciat
1044 1545 1323 1633 et‚-oonrplectuttr

109 1667 274 1752 scriptoris
296 1665 442 1742 animus,
464 1664 514 1752 ite
535 1677 571 1728 nt
592 1677 673 1750 quae
694 1662 827 1727 alteram
859 1661 1060 1749 exprimunt,
1087 1666 1188 1729 sensu
1211 1654 1322 1752 aperto,

108 1787 259 1871 proprio,
282 1783 435 1848 historico
458 1795 603 1867 accepta,
632 1780 766 1846 alteram
785 1803 882 1847 sensu
906 1784 1090 1861 recondito,
1117 1770 1274 1847 interiore
1292 1804 1323 1848 ιι

28 1911 37 1923 ’
107 1901 296 1987 prophetico
318 1900 547 1965 adumbrent.“
573 1936 610 1951 -
640 1897 703 1965 Cui
727 1903 787 1965 viri
809 1900 985 1964 doctissimi
1011 1902 1327 1987 antenoremque·

109 2039 204 2104 quem
235 2020 388 2084 accedere
417 2038 603 2104 possamus,
633 2034 827 2103 prorsusque
855 2036 1028 2101 negamus,
1056 2020 1241 2103 allegorias
1268 2040 1323 2103 ιιφ

109 2142 214 2201 sts'cas
232 2137 422 2202 in.Veteris
444 2135 645 2200 Testamenti
672 2136 798 2219 scriptis
821 2131 926 2196 locum
955 2132 1094 2213 hebere,
1124 2137 1323 2222 sequentinm

110 2255 310 2338 potissimum
341 2256 411 2318 nixi
433 2251 629 2318 rationibus:
655 2300 657 2303 -

101 2374 103 2378 ’
194 2371 224 2455 l)
248 2370 426 2450 Omnibus,
448 2374 504 2459 qni
518 2369 570 2435 vel
584 2369 764 2456 loquendo,
786 2367 837 2432 vel
852 2370 1021 2435 scribendo
1038 2372 1137 2434 enimi
1153 2374 1204 2436 sui
1219 2352 1323 2438 sensns

110 2504 293 2576 exponunt,
321 2482 358 2562 id
385 2489 572 2567 consilium,
604 2493 632 2554 is
655 2511 773 2574 scopus
801 2501 868 2566 est,
900 2500 935 2551 nt
963 2486 1003 2551 ab
1031 2490 1252 2572 audientibus,
1269 2495 1324 2557 »vel

109 2606 292 2695 legentibus
315 2608 414 2693 probe
436 2607 667 2692 intelligantur.
705 2605 748 2669 At
771 2627 847 2668 vero
870 2606 923 2690 qui
946 2605 1013 2671 vult
1034 2604 1183 2692 intelligi,
1204 2610 1325 2674 nonnisi

110 2748 210 2793 unum
233 2748 362 2793 sonsum
386 2726 494 2790 verbis
520 2726 589 2790 suis
616 2723 752 2802 tribuat,
785 2743 916 2786 necesse
939 2736 1004 2803 est3
1040 2725 1225 2811 etquidem
1248 2749 1323 2806 eum,

110 2836 164 2930 qui
195 2847 323 2911 dicendi
352 2848 425 2911 usui
454 2859 547 2930 etque
576 2843 799 2906 consuetudini
830 2843 970 2905 maxime
1000 2845 1182 2908 conveniet.
1241 2845 1325 2924 Quod

108 2965 138 3026 si
160 2976 284 3047 praeter
305 2963 396 3029 illum
426 2981 574 3039 mnsam,
604 2961 702 3026 alium
730 2963 932 3025 remotiorem
964 2973 1058 3044 atque
1086 2965 1325 3030 reconditiorem
1362 3024 1365 3031 .

108 3080 270 3159 intendat,
308 3064 411 3146 lector
447 3079 499 3143 rel
534 3078 658 3142 auditor
693 3081 890 3158 monendus,
927 3088 959 3138 et
994 3076 1101 3161 aliquo
1137 3080 1260 3147 indicio
1292 3086 1326 3148 ds

108 3201 274 3262 remotiori
298 3198 357 3263 illo
381 3220 479 3263 sensu
503 3199 620 3260 certior
649 3198 814 3261 faciendus
838 3199 908 3261 erit.
962 3193 1056 3272 Quod
1086 3200 1115 3260 si
1144 3201 1326 3266 intermitta-

108 3325 176 3390 tur,
206 3312 278 3377 fieri
300 3337 364 3380 non
389 3327 511 3402 potest,
540 3314 616 3398 quin
641 3315 792 3377 remotior
814 3312 869 3376 ille
892 3335 1005 3378 sensus
1028 3315 1208 3381 auditorem
1238 3318 1327 3385 leuto·

107 3450 218 3494 reruve
248 3431 361 3518 fugiat.
420 3432 491 3495 Jam
520 3451 596 3495 vcro
624 3429 754 3495 Veteris
783 3429 982 3495 Testamenti
1011 3447 1158 3499 auctores
1189 3441 1326 3524 nuspiam

52 3533 67 3572 ³
109 3571 170 3615 noe
206 3562 355 3628 monent,
391 3542 499 3613 uerbis
529 3550 597 3612 anis
632 3547 731 3612 aliurn
767 3551 875 3612 inesse
911 3571 1040 3615 sensum
1078 3531 1208 3635 praeter
1242 3558 1329 3633 enm,

71 3725 73 3728 .
108 3668 162 3751 qui
198 3690 241 3734 ex
269 3668 397 3732 dicendi
431 3688 492 3730 usu
525 3668 742 3751 orationisque
773 3680 924 3732 contextu
953 3671 1169 3755 cognoscitur.
1229 3669 1331 3748 Quart

109 3802 174 3846 non
196 3786 361 3864 ridemus,
389 3804 453 3870 quo
472 3785 547 3867 jure
569 3784 698 3849 Veteris
720 3782 919 3848 'l'estamenti
947 3788 1074 3871 scriptis
1097 3791 1255 3871 mysticus
1277 3788 1333 3855 oli-

89 3903 181 3986 cuis
203 3888 318 3966 sensus
340 3903 462 3978 inferri·
481 3902 603 3988 possit,
634 3923 728 3988 quern
756 3924 776 3967 ιι
804 3905 1014 3990 scriptoribus
1044 3906 1147 3972 sacris
1177 3910 1332 3976 intentum

108 4015 209 4083 fuisse
229 4039 292 4082 non
317 4032 451 4085 constat.
579 4023 582 4027 ’

120 4168 123 4173 -
143 4171 146 4175 ·
192 4132 238 4220 ΙΙ)
258 4133 433 4219 Mystiouur
450 4140 478 4203 si
494 4136 697 4202 admittemus
712 4136 867 4205 librorum
884 4161 1047 4205 mororum
1066 4161 1212 4223 sensum,
1234 4145 1338 4210 oncis
