2904 4942
43 256 47 267 ’
111 290 173 351 tao
530 312 533 319 ·
561 290 634 348 aare
655 288 712 348 m.
757 289 825 365 cap.
848 287 872 344 1.

110 455 324 543 gregibusque
362 454 530 540 pascendis
559 452 677 532 dediti,
717 452 871 540 opificiis,
909 448 1033 517 artibus
1068 463 1102 515 et
1136 465 1333 518 mercaturae

111 597 220 662 parum
245 571 439 637 tribuebant.
470 571 556 635 Hinc
576 569 672 635 facile
696 571 847 658 colligas,
865 582 897 633 et
919 571 1117 652 imagineae
1141 573 1230 635 vitoe
1252 592 1333 637 eoru·

82 696 84 703 ’
112 696 217 759 munis
239 696 364 758 ratione
384 693 500 777 petitas
519 690 559 753 ad
583 711 731 776 agrorum
755 688 954 774 potissimum
984 685 1160 770 culturam,
1188 710 1259 753 rem
1282 712 1333 775 pe-

111 813 269 890 cuariam,
305 822 337 872 et
366 831 446 894 quae
469 829 541 872 cum
564 821 698 894 utroque
727 806 785 871 illo
807 809 892 869 vitae
914 806 1039 892 genere
1056 807 1231 890 conjuncta
1252 824 1333 887 suut,

108 932 282 1016 pertinere.
317 925 535 1012 Quaecunque
558 929 591 990 iu
611 948 761 1012 agrorum
784 922 908 989 culturi
930 922 1036 988 locum
1052 924 1173 989 habeut
1195 935 1332 1013 negotia,

111 1049 240 1124 orandi,
264 1045 410 1123 serendi,
434 1047 593 1123 metendi,
618 1046 788 1109 triturandi
811 1058 906 1131 atque
921 1043 1116 1125 ventilandi,
1139 1047 1172 1110 in
1193 1049 1332 1110 oratioue

29 1161 32 1167 ⁴
108 1166 247 1255 figurati
278 1162 319 1226 ab
352 1160 575 1227 Hebraeorum
598 1162 701 1247 poetis
724 1175 928 1247 usurpantur.
980 1161 1062 1244 Qui,
1092 1164 1148 1230 nbi
1171 1164 1331 1229 bominum

5 1333 7 1338 .
110 1286 226 1372 agendi
250 1283 424 1358 rationem,
456 1282 525 1345 sive
555 1293 694 1357 rectam,
723 1284 792 1344 sive
817 1303 948 1366 pravam
981 1283 1181 1363 describunt,
1212 1287 1329 1369 saepis·

111 1411 191 1468 sime
213 1403 343 1474 arandi,
373 1401 500 1464 serendi
523 1398 725 1484 metendique
747 1401 942 1484 imaginibus
963 1414 1114 1479 utuntur3
1136 1406 1186 1468 sic
1206 1405 1242 1468 iu
1263 1402 1331 1468 John·

108 1522 212 1600 libro,
244 1543 310 1605 cap.
333 1518 391 1596 lv,
415 1525 453 1582 8:
923 1591 927 1601 x
1175 1520 1178 1527 ’

584 1655 637 1725 pu
661 1652 749 1707 aean
771 1654 867 1708 *naun
891 1654 983 1707 aas:

642 1760 984 1844 cmmmbmamu

282 1873 558 1950 Quemadmodum
586 1876 669 1952 vidi,
692 1891 745 1955 ut,
770 1880 824 1961 qui
847 1878 1034 1962 pravitatem
1055 1875 1206 1955 arabant,

281 1995 501 2078 lnjuriamque
524 1993 690 2072 serebant,
716 1989 849 2056 eandem
873 2007 905 2058 et
926 2008 1093 2062 meterent.

110 2118 230 2179 Eadem
260 2116 369 2196 imago
391 2109 529 2175 habetur
551 2115 647 2175 etiam
669 2109 799 2176 Psalmo
821 2109 984 2193 CXXVI,
1009 2119 1040 2192 5,
1064 2118 1100 2178 6:

483 2247 605 2318 conspr
626 2245 711 2301 nm
732 2244 844 2298 treuva
868 2243 985 2302 caeam

425 2364 511 2421 earn
534 2359 605 2434 vua
630 2368 694 2416 aa:
717 2364 801 2418 anm
825 2353 880 2436 *rb*
903 2355 987 2434 viba

505 2470 640 2536 turnebu
669 2488 734 2535 cur
757 2485 840 2537 mna
863 2486 920 2537 aaa
940 2485 987 2537 aa

285 2581 358 2660 Qut
372 2599 444 2649 cum
466 2585 618 2669 lacrymis
639 2590 816 2666 seminant,
840 2609 912 2651 cum
932 2584 1039 2670 jubilo
1061 2599 1198 2664 metent;

282 2701 479 2788 Lacrymans
501 2706 606 2790 prodit
629 2707 740 2790 (sator)
764 2719 894 2792 portans
916 2726 1026 2769 nemen
1048 2705 1280 2790 spargendum,

283 2818 466 2887 Revertitur
487 2845 559 2889 cnm
580 2822 687 2908 jubilo
714 2817 844 2909 portans
864 2822 1047 2908 manipulos
1067 2842 1157 2887 onos.

101 2938 250 3018 Messis,
266 2941 426 3021 ¹triturae,
452 2942 685 3023 ventilationis,
707 2945 773 3007 imo
795 2957 827 3008 et
847 2943 1027 3008 vindemiae
1048 2956 1144 3028 etque
1163 2939 1323 3007 torcularis

109 3056 305 3143 imaginibus
325 3038 511 3142 saepissime
533 3073 656 3147 strages
674 3074 768 3148 atque
783 3063 964 3142 excidium,
985 3062 1126 3127 maxime
1147 3062 1323 3147 impietate,
1369 3154 1371 3165 Ι

110 3188 277 3250 notantur3
302 3177 347 3240 ita
367 3176 468 3242 Joelis
490 3201 557 3266 cap.
581 3180 642 3259 lv,
666 3185 723 3245 132

555 3314 642 3386 neap
666 3300 733 3371 bc:
755 3314 791 3364 aa
815 3300 873 3370 bra
898 3297 984 3367 rubo

532 3420 983 3516 'mmmmm

462 3552 568 3611 tune-i
593 3555 663 3611 nan
685 3554 719 3603 u>
742 3549 858 3624 caepa
879 3550 985 3621 uptun

283 3648 448 3716 lmmittite
470 3653 603 3736 falcem,
627 3676 764 3742 namque
786 3666 911 3720 matura
932 3637 982 3720 est
1003 3658 1135 3730 messim

192 3810 198 3818 -
282 3768 420 3850 Venite,
446 3770 586 3852 calcate,
609 3795 746 3860 nemque
767 3773 895 3859 plenum
915 3769 1143 3848 esttorcnla13

284 3877 477 3955 Redu'ndent
497 3889 606 3971 lacus,
627 3913 764 3979 namque
785 3912 902 3980 magna
923 3905 972 3958 est
994 3912 1105 3955 eorum
1128 3896 1282 3978 nequitia.

110 4001 241 4084 Quoia
264 4002 337 4071 loco
361 4009 518 4094 propbeta
535 4007 706 4094 populares
721 4033 797 4077 suos
819 4011 980 4111 bortatur,
1004 4023 1040 4072 ut
1060 4023 1174 4095 gentes
1197 4007 1328 4075 bostilet

109 4121 191 4186 duee
212 4138 244 4188 et
264 4129 396 4214 auspice
415 4127 499 4193 Jove
519 4129 766 4214 aggrediantur,
797 4150 914 4214 easque
936 4130 977 4192 ad
998 4129 1254 4193 internecionem
1275 4128 1328 4194 tle·
