2904 4942
461 312 503 370 De
524 314 593 386 septo
620 315 776 385 coruinum
799 317 1012 377 Helroicnrum.
1288 326 1348 385 11⁷

118 473 177 538 Sio
199 472 279 537 solis
308 475 396 540 sidus
426 497 447 538 a
469 473 574 540 calore
596 491 688 556 mutu,
719 479 878 560 coadesse,
910 478 987 547 luna
1009 482 1051 546 ab
1078 481 1228 549 albedine
1256 489 1346 566 strab,

121 591 217 670 ulla,
241 593 306 656 les.
330 592 463 672 XXIV,
487 599 539 671 23,
563 591 655 659 Cant.
680 593 736 675 VI,
759 603 815 669 103
840 598 1003 689 prinsipes
1025 620 1044 660 a
1066 600 1220 685 dignitate
1243 620 1345 685 urere,

118 731 259 795 graues,
284 710 336 777 Pr.
359 709 397 787 II,
420 718 458 787 2,·
489 711 615 796 plateae
637 735 657 776 a
679 716 812 799 strepitu
833 729 955 791 notun,
975 725 1177 801 strepentes,
1200 720 1294 788 Prov.
1318 687 1364 803 1,

119 835 177 906 21,
196 830 356 895 dieuntur.
388 827 439 894 Ar
453 833 596 914 politione
613 829 803 899 elocutionis
826 831 1053 901 sublimitatem
1077 840 1214 919 pertinet
1234 852 1267 902 et
1287 843 1346 908 ad.
1430 879 1434 886 -

115 947 230 1030 jeotiri
262 968 333 1013 oum
362 945 579 1026 substantivo,
618 971 682 1015 uon
712 952 784 1018 sino
814 948 920 1035 aliquia
948 951 1111 1036 emphasi,
1142 960 1342 1038 permutatio.

118 1062 277 1148 Exempla
297 1063 397 1133 hahes
419 1065 472 1132 Pu.
495 1066 541 1144 X,
562 1072 603 1146 5,
626 1085 714 1137 turra
739 1080 876 1154 uturum
902 1085 1009 1146 utun,
1041 1072 1185 1137 altitudo
1206 1077 1342 1157 judicio

119 1190 178 1247 lua
201 1204 219 1247 e
241 1168 414 1281 compecto
437 1186 527 1264 ejus,
555 1188 576 1248 i.
599 1207 627 1249 e.
653 1185 717 1251 alta
739 1190 808 1251 sive
839 1201 961 1252 remota
987 1190 1069 1252 adeo
1097 1191 1260 1273 improbus
1287 1198 1340 1277 J'u·

120 1302 204 1364 dicia
225 1302 334 1364 divina
355 1304 535 1380 existimat,
559 1314 595 1366 nt
618 1302 762 1369 rilinde
789 1304 853 1370 sibi
876 1309 1002 1380 timeat;
1032 1305 1084 1370 I's.
1107 1306 1339 1389 LXXXVIII,

120 1425 181 1497 19,
212 1434 308 1510 putatu
334 1436 443 1496 testu,
474 1426 547 1485 note·
573 1428 639 1486 otei
665 1424 793 1509 caligo,
822 1424 845 1485 i.
870 1444 900 1485 e.
928 1423 1157 1489 subtraxerunt
1178 1448 1213 1490 se
1237 1404 1341 1496 oeulis

117 1539 216 1615 meis,
242 1538 373 1622 perinde
402 1558 441 1601 no
470 1540 500 1601 si
521 1537 660 1625 ealigine
688 1541 964 1621 obductionem,
994 1540 1068 1606 Job.
1090 1542 1262 1623 XXXIX,
1286 1552 1338 1625 20,
1399 1573 1405 1589 ·

118 1672 207 1727 nuru
231 1673 309 1729 tun:
332 1671 409 1732 utri,
430 1656 684 1741 magnificentia
693 1659 856 1740 fremitus
876 1661 950 1742 ejus
965 1660 1080 1744 (eqni)
1102 1670 1228 1740 terror,
1257 1664 1279 1724 i.
1304 1686 1333 1728 e.

115 1774 278 1845 terribilis.
320 1774 484 1843 Interdum
498 1754 730 1841 ‘Hebraeorum
758 1785 874 1860 pne‘tae
903 1775 993 1841 verbi
1021 1774 1093 1843 Inoo
1117 1800 1233 1842 nomen
1256 1780 1336 1845 sult-

114 1896 287 1963 stuotivum
308 1892 483 1972 adhibent,
506 1914 586 1979 quae
608 1895 799 1978 permutatio
820 1895 931 1961 itidem
953 1893 1102 1961 nonnihil
1122 1895 1338 1965 adorationis

115 2001 303 2099 dignitatem
335 2025 429 2096 atque
461 2010 692 2079 sublimitatem
730 2011 876 2079 conferre
912 2013 1048 2079 ridetur.
1112 2011 1167 2079 Sic
1203 2021 1217 2079 l
1250 2014 1335 2082 Mos.

86 2180 92 2189 ·
114 2131 244 2209 XLIX,
265 2140 304 2212 4,
327 2148 411 2201 utu:
430 2151 496 2213 ,rme
519 2147 616 2217 parsu
627 2174 638 2208 ,
660 2130 778 2197 Rulen
794 2134 934 2197 lascivio
949 2138 1057 2198 turtur
1074 2152 1242 2216 uquarum,
1263 2135 1285 2196 i.
1304 2155 1333 2197 e.

113 2232 228 2345 Rulron
254 2249 387 2321 lasciuiis
408 2253 603 2328 intumuisti,
637 2251 722 2315 siout
744 2272 846 2334 aquae
868 2249 1029 2317 ferventes
1049 2253 1261 2317 intumescere
1282 2273 1335 2316 so·

112 2367 192 2439 leat.
235 2368 392 2435 similiter
410 2369 477 2436 Jes.
492 2367 582 2443 Vlll,
606 2373 637 2445 5,
653 2402 695 2417 -
709 2370 806 2437 nturi
829 2383 863 2432 -a
888 2387 936 2437 nu
960 2384 1025 2439 turi
1047 2384 1111 2443 nter
1136 2383 1204 2435 nna
1228 2385 1264 2437 ³:
1287 2384 1343 2454 prr
1369 2347 1373 2356 ’

112 2505 191 2573 trun
213 2508 260 2558 ns
289 2502 415 2564 urunt,
443 2493 522 2572 quia
541 2486 683 2573 populus
707 2485 799 2550 lt'cce
820 2493 948 2569 sperate
971 2507 1075 2571 aquae
1094 2483 1209 2551 Stlooe
1236 2525 1274 2537 -
1298 2497 1333 2553 el

112 2608 271 2693 goudium
292 2607 436 2684 Rezt'uu‘,
470 2608 492 2669 i.
515 2626 546 2669 e.
576 2617 608 2667 et
636 2605 754 2690 gaudet
776 2605 915 2668 Reziuo.
973 2602 1167 2687 Saepissime
1197 2607 1332 2690 denique

112 2726 333 2791 Hebraeorum
358 2732 490 2810 potitae,
514 2725 611 2810 inque
629 2725 741 2807 primis
754 2721 946 2808 prophetae,
968 2742 1121 2805 personas
1141 2735 1331 2805 permutant,

109 2845 156 2908 ita
179 2844 324 2926 quidem,
347 2857 381 2908 ut
402 2843 540 2927 aprima
563 2842 603 2905 aul
626 2844 771 2920 tertiam,
795 2842 924 2903 atertia
946 2841 986 2903 ad
1009 2840 1198 2915 secundam,
1223 2843 1332 2904 verusi-

110 2982 171 3047 que
203 2963 271 3025 vice
299 2984 318 3025 a
346 2962 488 3029 swanus
513 2962 554 3027 ud
585 2962 712 3025 tertiam
742 2955 951 3044 transsiliunt.
1004 2953 1096 3033 Quae
1121 2978 1330 3040 personarum

83 3081 218 3147 ,subita
239 3082 451 3165 permutatio,
485 3080 579 3143 sicuti
610 3099 652 3143 ex
681 3079 789 3141 ammo
817 3074 1039 3141 vehementius
1068 3088 1228 3140 commoto
1256 3096 1331 3160 pro-

109 3199 224 3262 aedere
252 3197 349 3276 solet,
387 3200 433 3261 ita
460 3196 543 3261 haud
573 3217 647 3259 raro
678 3216 827 3279 maguam
863 3198 926 3259 vim
962 3215 1176 3278 magnumque
1206 3196 1331 3277 pondus

109 3319 246 3381 orationi
270 3314 426 3380 conciliat.
472 3314 631 3400 Exempla
654 3329 807 3379 sexcenta
834 3316 867 3376 in
891 3296 1031 3376 medium
1055 3310 1199 3396 proferre
1221 3331 1333 3394 posse·

107 3456 197 3509 mus;
220 3434 356 3500 sufficiat
377 3448 481 3499 tamen
505 3456 601 3498 urmm
624 3405 800 3495 alterumve
820 3430 1017 3514 adposuisse.
1061 3428 1162 3493 Modo
1182 3430 1330 3512 primam,
1353 3416 1359 3421 ’

108 3554 206 3619 modo
233 3556 359 3619 tertiam
387 3575 576 3640 personam,
611 3550 688 3615 Iioet
719 3551 758 3615 de
788 3548 900 3613 eadem
929 3568 1035 3613 sermo
1064 3549 1124 3624 sit,
1155 3545 1331 3611 adhibitam

108 3673 200 3743 uides
220 3671 301 3738 Julu'
320 3693 389 3758 oap.
412 3670 488 3751 XII,
510 3681 549 3751 4,
579 3691 641 3757 quo
662 3667 734 3733 loeo
756 3665 857 3734 Jobus
879 3666 919 3733 de
940 3688 975 3732 ue
998 3667 1068 3750 ipso
1096 3669 1129 3731 in
1152 3664 1239 3731 huno
1260 3685 1329 3729 mo-

107 3792 184 3863 tluus
205 3789 364 3876 quuitur:

640 3920 727 3975 nuru
751 3906 853 3981 insul
877 3920 950 3990 piru
989 3904 992 3909 '

627 4039 729 4093 inrum
753 4024 855 4096 aulul
877 4041 948 4108 unp

630 4155 837 4230 :usurpent
861 4157 948 4226 petru
1172 4182 1181 4221 -,
1309 4184 1312 4189 -
