2904 4942
430 313 471 373 Dr
491 269 599 390 eripite
619 325 645 374 et
665 316 758 373 rueris
776 318 887 389 poteret
909 313 1073 373 Hebraicce.
1319 314 1359 376 tu

136 474 287 564 Namque
307 475 438 544 Peelmo
460 475 618 557 cxnlu,
641 485 680 555 2,
707 479 818 542 eadem
841 476 990 543 vocabuli
1012 493 1079 572 5³2²*
1100 479 1237 544 occurrit
1256 479 1358 565 signis

134 593 248 660 ficatio
275 598 307 660 in
336 595 436 661 hocce
457 595 678 663 hemistichio:
709 616 744 668 m
766 599 809 666 3³
835 599 926 685 prat
949 613 1030 685 punt*
1051 599 1092 666 ub
1116 612 1172 671 ’θ’
1203 596 1227 660 i·
1248 617 1278 659 θ·
1302 599 1358 663 Vix

135 717 200 778 erit
214 717 345 798 futtuo,
364 720 403 779 ἰ.
426 720 553 794 tusone,
583 718 616 780 in
640 731 810 801 conspeetu
837 729 894 780 tuo
917 714 1003 781 ullus
1026 715 1226 802 viventium
1262 734 1356 798 quen

133 834 281 917 equidem
311 830 494 912 Psalmuru,
529 837 590 898 etsi
617 834 714 919 vulgo
741 835 782 901 sd
804 833 969 900 Davidem
997 845 1159 897 auctorem
1186 830 1356 912 referatur,

132 972 205 1014 cum
218 949 357 1015 Jurcde'o
375 947 466 1014 exilii
481 949 669 1036 Babylonioi
683 953 883 1039 temporibus
897 951 1146 1017 adscribendum
1163 952 1354 1017 censuerim.

131 1068 232 1132 Haud
250 1068 397 1157 solidiori
418 1068 562 1132 nituntur
584 1070 802 1148 fundamento,
825 1090 907 1156 qnae
927 1071 968 1134 de
987 1065 1215 1134 vocabulorum
1236 1071 1303 1163 ‘'lb-R
1321 1084 1356 1135 et

134 1187 211 1255 nur
231 1187 266 1250 in
286 1184 372 1252 libro
390 1185 471 1252 Jotr·
490 1208 551 1252 usn
572 1199 765 1254 statuuntur.
807 1184 882 1253 Non
903 1190 990 1253 enim
1014 1189 1177 1266 videmus,
1200 1208 1294 1274 quatu
1309 1187 1353 1254 ob

129 1324 261 1368 eausam
285 1324 355 1389 cap.
371 1303 504 1383 xvut,
530 1312 580 1388 tt,
601 1310 636 1373 in
659 1308 768 1375 verbis
790 1309 897 1376 nrt-rba
912 1307 1002 1392 ’ῥιπὶ
1021 1322 1183 1384 autarcen,
1206 1327 1266 1391 pro
1282 1303 1353 1371 vul·

129 1424 202 1508 gari
232 1429 330 1508 regie
354 1422 591 1510 significatione
620 1427 774 1491 inusitata
805 1426 898 1490 dscr'r
928 1428 1018 1491 notio
1047 1424 1270 1489 substituenda
1297 1427 1351 1492 tit.

128 1537 278 1626 Namque
300 1545 388 1624 sive,
422 1540 619 1607 Chaldaeum
642 1546 847 1630 interpretem
868 1558 1015 1623 secutus,
1052 1539 1240 1607 vocabulum
1265 1544 1352 1629 “phul
1418 1519 1422 1527 Δ

128 1681 202 1724 euru
226 1665 370 1747 sequenti
396 1664 502 1731 urata
518 1663 728 1747 conjunges,
765 1666 834 1728 siva
862 1686 905 1729 ex
927 1662 1132 1729 octaorum·
1153 1661 1352 1749 Gerents'que

127 1783 291 1845 sententiis
311 1785 418 1851 nutrit
441 1783 482 1847 ad
504 1795 650 1852 rnntottn
672 1780 893 1858 referendum,
915 1793 947 1843 et
968 1783 1053 1867 5an
1071 1804 1129 1867 pro
1144 1781 1237 1869 3572:
1261 1785 1351 1846 acci·

130 1897 282 1978 picndnm
310 1903 374 1984 sit,
413 1922 539 1987 semper
570 1913 676 1963 temen
708 1905 801 1984 regit
830 1895 1024 1984 significatio
1051 1899 1194 1982 quadrat.
1253 1897 1349 1974 Quod

128 2013 267 2102 deniquo
289 2019 329 2084 nd
351 2017 544 2086 vocabulum
567 2020 646 2086 nubo
666 2019 805 2096 adtinet,
834 2018 926 2100 cujus
942 2014 1115 2103 singularis
1136 2018 1248 2096 turbo,
1278 2038 1348 2102 esp.
1408 2000 1413 2009 ⁸

128 2129 221 2211 XX,
253 2140 313 2214 ¹1,
349 2138 564 2203 archaismum
594 2136 740 2203 redolere
770 2137 909 2214 dicitnr,
946 2134 1142 2214 notandum,
1178 2134 1350 2201 lectionem

127 2254 223 2322 turbt
250 2254 406 2319 incertam
437 2275 528 2328 esse3
565 2257 722 2341 siquidem
748 2254 956 2321 Maeorethae
984 2250 1140 2338 pluralem
1170 2256 1277 2323 umbo
1300 2251 1350 2317 le·

124 2369 265 2454 gendum
287 2395 359 2438 esse
381 2372 589 2457 praecipiunt.
638 2369 702 2436 Sed
729 2372 960 2449 concedamus,
995 2368 1167 2435 lectionem
1188 2386 1349 2457 receptam

124 2507 197 2552 esse
218 2493 413 2575 genuinam,
436 2466 637 2577 nequaquam
660 2504 766 2554 tamon
788 2490 864 2553 inde
886 2491 1049 2575 sequitur,
1071 2487 1267 2585 singularem
1290 2510 1349 2553 vo-

126 2603 234 2670 cabuli
263 2606 353 2672 illins
381 2629 547 2673 numerum
575 2607 765 2674 archaismis
788 2629 860 2673 esse
882 2609 1168 2673 adnumerandum.
1219 2606 1348 2673 Etenim

123 2743 197 2787 cnm
219 2696 411 2792 uocabulum
432 2723 533 2803 illud,
570 2743 696 2811 praeter
723 2724 829 2791 locum
852 2724 1031 2804 laudatum,
1068 2747 1172 2813 neque
1200 2727 1234 2791 in
1263 2727 1348 2791 anti·

121 2822 308 2926 quietibus,
340 2866 442 2930 nequa
470 2843 702 2911 recentioribus
724 2844 854 2908 Veteris
876 2843 1076 2908 Testamenti
1096 2841 1190 2907 libris
1213 2864 1346 2908 numero

120 2957 277 3044 singulari
300 2976 463 3042 occurrat,
490 2982 571 3055 qno,
594 2982 733 3045 quaeso,
754 2963 874 3026 indicio
896 2960 1072 3044 dijudices,
1103 2974 1210 3025 utrum
1230 2964 1346 3047 singu-

119 3073 200 3140 laris
220 3076 275 3142 ille
297 3102 449 3148 numerus
470 3081 511 3143 ad
533 3081 755 3164 antiquiorem,
777 3103 818 3144 en
842 3080 1052 3144 recentiorem
1075 3076 1228 3165 loquendi
1250 3099 1343 3144 nsum

117 3195 162 3257 sit
183 3197 381 3266 referendus.
425 3197 554 3278 Quare,
582 3196 727 3263 silentio
750 3210 878 3285 recepta
899 3199 991 3267 turbo
1010 3199 1152 3282 genuina
1173 3196 1341 3276 habeatnr,
1433 3254 1441 3275 ,

116 3316 238 3381 rectius
258 3321 446 3396 idiotismis,
474 3337 568 3403 qnam
591 3315 782 3382 archaismis
802 3313 1075 3380 adnumerabitur.

670 3524 700 3600 ι.
730 3518 788 3584 ιν.

203 3671 256 3738 Ex
277 3677 337 3760 iis,
360 3698 441 3765 quae
465 3675 617 3741 hacteuus
639 3672 904 3758 disputavimus,‘
922 3667 1105 3754 adparebit,
1131 3671 1166 3735 ni
1185 3669 1339 3750 fallimur,

114 3810 211 3874 qnam
235 3791 371 3858 infirmis
394 3795 535 3857 nitantur
557 3794 771 3878 argumentis,
807 3790 860 3875 qui
887 3787 968 3853 Jodr'
990 3787 1108 3854 librum
1136 3803 1210 3855 anta
1232 3790 1344 3855 Moets'

114 3921 252 3973 aetatem
277 3913 491 3996 conscriptum
512 3909 612 3975 fnisse
634 3909 841 3974 contendunt.
883 3905 970 3987 Alii,
999 3910 1062 3977 atsi
1082 3905 1160 3972 libri
1180 3910 1337 3994 originem

112 4166 216 4233 rusque
238 4160 383 4235 tempora
410 4146 666 4224 adecendernnt,
700 4147 767 4210 imo
789 4145 915 4249 Morem
944 4147 1050 4229 ipsum
1072 4143 1153 4209 dode·
1173 4158 1337 4209 auctorem
