2904 4942
535 316 539 323 “
575 322 762 398 conparatio.
1224 328 1288 393 267

67 486 173 567 potiris
195 486 298 566 magis
321 481 458 559 liberum
481 482 748 560 illudrhominuvn
772 482 996 566 orientalium,
1011 492 1293 560 :nannetense-

65 603 223 678 rentium,
252 603 418 688 ingenium
440 602 547 669 refert.
599 602 824 682 Quaerimus,
848 625 924 669 num
944 605 1121 673 artificiosa
1142 610 1200 677 illa
1220 612 1291 679 cari

67 723 187 785 minum
217 731 378 783 structura
398 718 559 785 Arabicae
583 726 674 806 potisi
695 722 765 808 plus
792 722 951 786 addiderit
978 725 1163 810 dignitatis,
1196 752 1289 815 quam

66 837 248 923 Hebraieae
264 835 399 917 liberior
419 837 493 918 ille,
511 843 656 928 justique
677 843 771 925 metri
788 817 1023 927 legibussbpud
1046 843 1206 933 obnoxius
1228 871 1291 914 nu·

67 957 196 1037 meruel
241 942 418 1023 Fatendum
441 963 593 1038 omnino,
626 975 743 1024 certam
761 957 931 1045 longarum
960 959 1168 1051 braviumque
1189 964 1291 1049 sylle-

66 1073 178 1141 barum
202 1078 304 1141 vicem
320 1099 549 1163 numerumque
563 1077 730 1171 etlegenti
755 1091 786 1141 et
807 1079 949 1143 audienti
966 1082 1188 1167 gratissimum
1204 1105 1292 1165 esse,-

68 1192 266 1281 tuultumqne
284 1196 359 1258 iude
377 1198 557 1284 ,venustatis
575 1211 669 1283 atque
685 1199 849 1282 dignitatis
867 1199 1006 1261 orationi
1029 1172 1173 1283 politicae
1194 1223 1291 1285 possa.

67 1315 233 1378 accedere.
277 1312 341 1379 Sed
372 1315 611 1379 eoncedendum
633 1317 748 1393 etiam,
775 1315 1054 1383 arctioribusillis
1074 1314 1291 1403 legibus-me·

67 1429 258 1511 tricislraud
281 1452 354 1495 raro
371 1440 495 1516 potitam
516 1433 680 1518 impediri,
702 1454 766 1520 quo
788 1436 894 1501 minus
916 1437 1015 1499 animi
1034 1457 1149 1500 sensus
1164 1458 1290 1515 'conve-

70 1550 282 1637 aientissimis
298 1548 404 1614 verbis
419 1554 593 1635 exprimam
615 1553 773 1637 siquidem
796 1573 860 1617 non
879 1552 913 1616 id
933 1564 1055 1617 tantum
1070 1556 1292 1640 spectandum,

72 1680 107 1730 at
132 1667 230 1731 verba
259 1667 356 1731 rebus
386 1647 623 1753 exprimendis,
654 1690 764 1735 verum
792 1673 889 1735 etiam
907 1683 955 1737 ¹ut
981 1673 1073 1737 metri
1104 1676 1293 1761 praescripti

70 1782 198 1870 legibus
221 1789 423 1851 conveniant.
484 1784 579 1862 Quot
605 1789 635 1852 si
661 1789 763 1870 igitur
792 1787 844 1853 vel
870 1800 975 1853 metro
1003 1790 1292 1881 minustmpedtta

70 1907 190 1985 utaris,
213 1903 264 1967 vel
281 1907 387 1970 miuus
399 1903 563 1987 serviliter
573 1903 700 1990 legibus
718 1906 858 1969 metricis
868 1904 1059 1986 inhaereas,
1083 1911 1130 1973 ita
1142 1915 1293 1981 utauimi

70 2044 187 2107 sensus
209 2024 374 2099 commode
382 2071 392 2103 ,
414 2044 518 2109 neque
538 2024 672 2088 detortis
694 2035 751 2086 aut
771 2020 897 2103 verbis,
920 2039 976 2089 aut
995 2012 1163 2095 sententiis
1186 2035 1293 2116 poesis

70 2143 262 2227 exprimere,
273 2145 406 2209 metrica
419 2143 594 2209 carminum
609 2153 767 2206 structura
780 2143 918 2213 orationi
933 2147 1076 2227 poe'ticaa
1088 2167 1156 2212 non
1169 2163 1292 2231 tanturn

72 2281 137 2327 aon
149 2260 278 2340 officiet,
294 2263 513 2325 verumetiam
525 2258 610 2323 haud
625 2262 744 2345 exiguo
758 2261 820 2325 erit
834 2276 1035 2327 ornamento,
1056 2263 1150 2341 Quod
1160 2271 1293 2354 quidem

71 2377 112 2441 de
125 2378 355 2471 antiquioribus
362 2378 504 2445 Arabum
522 2383 624 2462 potitis
638 2375 722 2441 haud
738 2380 1163 2464 immeritopraediuaveris3
1178 2389 1293 2473 quippe

72 2497 127 2580 qui
154 2517 256 2580 aeque
284 2498 444 2580 impeditis
472 2498 552 2560 adeo
583 2497 693 2559 metris
722 2508 870 2572 utuntur,
896 2518 999 2583 neque
1026 2502 1108 2565 adeo
1134 2503 1294 2577 serviliter

73 2614 187 2677 iisdem
217 2613 402 2690 inhaerent,
432 2629 468 2679 nt
499 2616 598 2679 animi
620 2635 755 2693 seusus,
784 2615 817 2676 in
841 2617 930 2679 tantis
950 2620 1139 2700 praesertim
1161 2619 1293 2707 liuguqe

72 2727 233 2794 Arabicae
255 2732 417 2811 ubertate,
450 2756 513 2797 non
537 2734 705 2796 commode
728 2747 824 2816 atque
845 2737 1071 2807 convenienter
1081 2741 1215 2823 :possint
1234 2761 1292 2807 ex·

73 2851 223 2934 primere.
271 2849 481 2915 Recentiores
511 2863 622 2914 eontra
644 2848 786 2913 Arabum
816 2858 929 2934 potitae
958 2865 990 2915 et
1020 2854 1139 2917 arctius
1166 2852 1294 2940 legibus

73 2969 214 3031 metricis
243 2967 430 3048 inhaerent,
467 2984 516 3048 et,
546 2979 671 3054 praeter
700 2968 874 3032 metrorum
900 2967 1049 3050 vincula,
1085 2969 1194 3036 multis
1220 2973 1295 3040 aliis

73 3083 221 3151 artificiis
235 3106 307 3150 sese
322 3052 519 3173 impediunt3
542 3085 674 3174 queit,
698 3099 734 3149 ut
747 3084 833 3151 baud
855 3108 967 3170 mum
989 3089 1173 3154 detrimenti
1192 3095 1296 3159 oratio

72 3206 292 3289 potetestate
313 3208 459 3290 patiatur.
501 3204 676 3283 Quare-ita
698 3204 1105 3280 statuentumuenierm
1118 3212 1296 3279 carminum

72 3335 281 3403 structuram,
303 3339 459 3411 quatenus
476 3327 613 3390 orationi
624 3327 769 3411 poeticae
786 3345 855 3386 nou
863 3324 1024 3404 offecerit,
1037 3325 1190 3390 Arabum
1205 3330 1294 3412 pottsi

73 3443 207 3507 omnino
227 3441 300 3526 plus
317 3446 494 3508 venustatis
511 3458 606 3528 atque
622 3443 994 3528 dignitatisaddidisse,
1016 3464 1111 3528 quam
1123 3440 1297 3507 Hebraeo-

73 3580 147 3624 rum
173 3563 263 3644 potiri
287 3581 307 3625 a
327 3559 474 3626 liberiori
498 3560 573 3639 illo,
600 3564 744 3646 justique
772 3565 865 3627 metri
888 3559 1014 3646 legibus
1038 3560 1123 3624 haud
1152 3561 1295 3626 obnoxio

74 3694 209 3743 numero
229 3681 383 3744 accedere
398 3702 537 3766 unquam
560 3683 676 3765 potnit.
720 3677 833 3767 Neque
849 3695 963 3745 temen
983 3692 1155 3742 metrorum
1175 3679 1297 3744 nunt·-

73 3817 185 3862 aorum
210 3810 360 3863 renuens
389 3812 483 3883 atqua
512 3800 652 3885 dignitas
679 3820 738 3884 pro
759 3798 1296 3863 austronotius-aestimandam

76 3913 147 3980 Vix
165 3919 251 3980 enim
272 3914 346 3981 fieri
372 3928 491 4001 potest,
514 3918 589 4002 quin
613 3915 723 3996 nobis,
737 3937 881 4002 quorum
899 3938 999 3982 aures
1020 3919 1135 3982 iodea
1158 3916 1297 4001 pueritid
1341 3929 1344 3934 '

73 4030 272 4101 Graecorum
295 4031 582 4119 Romanorumque.
590 4035 707 4103 metris
729 4035 1001 4113 adsuetae-sunt,
1017 4032 1174 4099 Arabum
1195 4045 1297 4097 metra

75 4154 183 4218 ninus
211 4167 302 4238 grata
331 4153 517 4226 videantnr3
546 4153 632 4238 quud
660 4165 747 4217 certa
774 4172 868 4219 secus
888 4174 930 4227 ae,
945 4152 1097 4231 baberet,
1129 4155 1296 4238 sia-pub
