2880 4950
129 64 141 75 ’
242 102 303 188 ·,
423 64 982 180 accerume-ammona·
1256 107 1336 175 sm,
1416 172 1421 181 ,

78 242 201 327 aaron
217 259 439 347 interpretatio
462 276 543 349 rega
564 265 749 352 incertaque
770 268 925 333 collitur.
955 263 1053 331 ’(ἕιιιιι
1075 268 1162 331 enim
1177 235 1307 363 senapis
1351 250 1355 259 ¹

71 374 265 475 uilleertsqus
285 399 328 444 ax
350 380 480 444 dicendi
502 402 579 459 osu,
612 403 718 470 neque
744 387 972 451 exomensis
1002 396 1171 463 contemu,
1200 405 1307 479 oeque

77 494 146 561 ttlio
169 498 312 583 quodam
332 497 461 570 ¹inclinio
491 504 645 585 cognosci
677 505 795 588 possit,
831 501 987 580 efficitur,
1023 516 1058 567 ut
1086 504 1306 586 interpretatio

74 617 218 697 mystice
240 616 328 678 omni
349 614 501 681 destituta
522 621 563 682 sit
585 619 821 696 fundamento,
839 640 900 703 quo
930 633 996 683 tuta
1024 621 1182 704 interpres
1203 625 1305 705 possit

75 733 185 798 inuiti.
231 730 339 808 Quare
361 736 402 796 'et
423 747 529 799 tantus
556 738 639 801 inter
665 739 815 818 mysticos
835 735 992 802 librorum
1017 759 1180 802 sacrorum
1202 741 1303 805 inter-

75 865 186 937 pretes
207 851 249 916 tle
263 849 462 937 singolorum
478 849 620 917 locorum
637 875 734 919 sensu
755 856 940 929 dissensus,
965 868 999 918 ot
1015 852 1067 918 vel
1081 874 1152 919 eam
1172 871 1302 941 propter

74 989 208 1035 ιιιιιιιιι
230 971 318 1034 omni
339 971 593 1054 interpretationi
616 974 771 1054 mysticae
793 973 906 1036 merito
928 970 1065 1037 diffidas·
1107 970 1215 1037 Possit
1230 977 1299 1060 qui·
1389 1052 1393 1067 1

75 1088 151 1152 dam
176 1089 248 1173 quis
270 1086 433 1170 objicere,
463 1101 496 1151 et
517 1086 602 1153 Novi
624 1087 825 1155 Testamenti
847 1092 1039 1175 scriptores,
1068 1093 1166 1176 inque
1187 1094 1299 1176 primis

74 1201 232 1290 epistolae
255 1205 295 1268 aul
318 1203 488 1275 Hebraeos
509 1221 691 1281 auctorem,
714 1206 848 1272 Veteris
863 1204 1062 1272 Testamenti
1083 1208 1189 1273 ellatis
1210 1208 1296 1276 haud

73 1344 150 1387 raro
168 1324 339 1406 mysticum
359 1343 489 1387 sautum
511 1324 662 1403 tribuere,
682 1326 778 1409 idque
798 1305 979 1390 indubitato
1001 1328 1072 1389 es'se
1094 1327 1298 1409 documento,

73 1440 183 1506 effatis
200 1439 268 1506 illis
282 1443 451 1524 mysticum
467 1463 597 1507 sensnm
614 1444 731 1507 inesse.
771 1440 1018 1507 concedendum
1029 1445 1187 1521 omnino,
1210 1442 1298 1508 Novi

15 1576 22 1589 “
73 1557 275 1625 Testamenti
295 1572 443 1623 auctores
460 1559 590 1624 Veteris
606 1558 807 1625 Testamenti
827 1560 932 1623 effatis
947 1560 1106 1623 interdum
1127 1563 1297 1643 mysticum

73 1694 204 1743 mnsam
234 1676 392 1752 tribucum
429 1697 532 1762 neque
563 1682 668 1742 tamen
701 1678 775 1741 inde
804 1679 964 1761 seqnitur,
1001 1677 1168 1759 mysticum
1199 1675 1294 1777 illum
1407 1763 1416 1773 ἱ

73 1817 206 1863 mosum
220 1817 240 1858 a
254 1793 386 1859 Veteris
401 1780 601 1859 Testamenti
616 1792 827 1880 scriptoribus
847 1813 883 1856 re
898 1795 973 1859 verti
986 1805 1160 1879 spectatum
1179 1793 1291 1860 fuisse.

76 1911 225 2000 Namque
253 1910 341 1977 Novi
362 1909 563 1976 Testamenti
594 1930 739 1977 auctores
766 1934 838 1976 enm
866 1912 1094 1994 interpretandi
1123 1914 1300 1997 rationem,
1352 1982 1355 1987 ,

74 2053 157 2117 quse
178 2052 239 2095 suo
261 2045 404 2114 ternpore
424 2031 509 2095 inter
531 2028 700 2115 populares
716 2053 792 2096 suos
807 2029 955 2116 vigebat,
978 2030 1079 2093 secuti
1099 2041 1190 2110 sust;
1211 2051 1292 2114 quae

72 2162 181 2215 umen
213 2170 266 2213 res
294 2143 493 2234 nequequam
522 2153 744 2233 necessitatem
761 2147 868 2227 ,nobis
903 2149 1054 2235 imponit,
1094 2163 1127 2210 ut
1157 2149 1292 2212 eandem
1426 2212 1433 2221 ,

70 2287 243 2354 sequamur
264 2269 492 2352 interpretandi
514 2267 717 2344 methodum,
744 2269 773 2331 si
803 2288 841 2329 aa
869 2266 1080 2348 scriptorum,
1112 2269 1165 2351 qui
1194 2269 1291 2349 inter·

73 2387 219 2471 pretautli
241 2398 332 2462 sunt,
358 2382 494 2448 consilio
514 2388 620 2450 minus
644 2398 861 2450 consentanea
884 2386 1039 2450 videatur.

563 2570 805 2668 §.cxxxv.

118 2712 123 2717 Ι
156 2741 326 2826 Superest,
353 2751 388 2803 ut
415 2738 455 2802 tle
477 2740 668 2823 parabolis,
694 2744 727 2805 in
755 2741 889 2826 politicis
910 2735 1134 2801 Hebraeorum
1162 2736 1300 2829 scriptis!

72 2862 196 2938 obviis,
224 2859 378 2923 tlicarnus.
429 2858 598 2924 Parabola
619 2862 767 2957 proxime
795 2860 836 2923 ad
866 2856 1050 2941 allegoriam
1074 2852 1214 2930 accedit,
1245 2854 1290 2917 ita

72 2995 107 3047 ut
119 2993 153 3043 ct
168 2975 324 3062 allegoria
338 2975 491 3048 historica
507 2978 568 3041 dici
585 2981 704 3063 possit3
728 2998 825 3064 qnare
841 2990 873 3040 et
881 2956 1051 3040 Lotctlu'ur
1062 2972 1197 3035 eaodem
1211 2967 1290 3033 alla·

70 3100 183 3184 goriaa
205 3109 361 3160 accenset.
387 3093 445 3158 Est
463 3096 570 3158 autein
588 3094 752 3180 parulolu
767 3093 860 3158 fictae
880 3093 1046 3176 cujusdam
1066 3092 1113 3155 rei
1135 3090 1288 3166 narratio,

70 3218 111 3281 ad
131 3212 354 3279 illustrandam
385 3216 549 3277 veritatem
580 3213 719 3298 aliquam
745 3211 902 3287 adhibita.
947 3206 1134 3275 Parabolico
1162 3207 1290 3271 dicenti
1327 3198 1336 3213 “

68 3354 189 3422 gsnme
211 3333 351 3397 maxime
374 3333 505 3396 serioris
533 3332 606 3394 aevi
635 3330 805 3417 prophetae
830 3343 976 3403 ntuntor3
1005 3320 1103 3413 inque
1124 3326 1175 3390 his
1198 3344 1292 3409 praa-
1346 3389 1347 3392 ,

70 3454 183 3540 primis
204 3448 380 3526 Exechiel,
410 3451 464 3532 qui
492 3449 560 3512 lere
582 3461 667 3513 totus
698 3450 731 3511 in
762 3446 922 3531 parabolis
944 3458 1101 3510 versatur.
1153 3442 1291 3527 Videtur

19 3579 25 3585 “
69 3574 102 3639 iu
126 3570 256 3636 dicendi
276 3588 379 3654 genus
401 3568 484 3648 apud
512 3566 682 3652 prophetas
704 3567 861 3651 originem
883 3586 974 3629 suant
996 3559 1195 3648 potissimum
1216 3561 1291 3625 iada

70 3693 232 3766 traxisse,
255 3687 351 3773 qood
387 3683 581 3769 prophetae,
617 3685 744 3771 quando
777 3687 811 3748 in
847 3695 1018 3769 conspectu
1053 3678 1164 3767 populi
1194 3676 1294 3742 verbe

69 3808 233 3884 iacerent,
267 3806 361 3869 dictis
388 3806 456 3869 suis
485 3824 709 3887 nonnunquam
740 3792 883 3869 actiones
910 3798 1102 3884 symbolicas
1123 3795 1293 3869 auderem

70 3926 165 3990 sicuti
181 3921 338 4008 ,legimus
361 3928 377 3987 1
402 3920 503 4008 Regg.
527 3919 649 3999 XXll,
672 3926 729 3996 ll,
760 3918 950 4005 prophetam
974 3917 1165 3996 Zedekiam,
1193 3912 1296 3978 filiun
