2904 4942
185 302 227 358 Dr
247 313 410 377 argumento
432 305 603 378 divertitque
623 305 769 378 omatibus
790 307 947 399 coquinam
968 302 1163 369 Arabicarum.
1249 310 1287 371 et

448 491 450 495 .
555 467 830 548 smumv
907 448 909 453 ’

37 615 44 625 “
79 601 109 667 “.
146 603 274 669 Primus
294 599 385 668 iocus
407 598 473 666 iiiia
496 601 649 670 tribuitur
670 601 885 683 carminibus,
907 606 1042 690 quaein
1060 607 1290 691 praedicandi

51 720 266 804 foriciadioa
296 719 415 785 bellico
442 719 622 785 versantur.
677 716 792 807 Neque
820 724 981 785 immerito
1009 722 1085 789 huic
1101 728 1290 794 ‘carminum

59 840 173 925 generi
198 841 318 924 primae
343 839 557 923 adsignantur
585 849 715 922 partes,
747 839 904 922 siquidem
927 842 1123 927 antiquiores
1145 840 1290 910 Arabum
1386 875 1394 890 ι

55 964 174 1042 poetae
196 954 284 1019 nulli
308 957 412 1041 tnagis
434 976 469 1019 ra
492 953 708 1033 delectantur,
731 977 825 1042 quam
849 955 1069 1023 describendis
1091 942 1225 1047 pugnis,
1257 975 1290 1026 at

42 1059 228 1138 efferendi
249 1077 366 1138 virtute
389 1072 518 1138 bellicis.
562 1071 775 1139 Notissimurn
798 1083 864 1152 est,
897 1074 1040 1140 Arabum
1064 1093 1193 1163 gentem
1214 1082 1290 1146 inde

59 1190 101 1255 ab
125 1194 357 1278 antiquissimis
379 1191 576 1277 temporibus
597 1193 630 1256 in
654 1188 763 1276 piures
783 1189 885 1256 tribur
908 1195 1044 1259 divisam
1068 1196 1180 1275 inisse,
1206 1219 1288 1284 quae

35 1300 192 1373 'nonnisi
215 1313 283 1375 auis
304 1310 510 1395 proceribus,
535 1330 615 1394 quos
638 1306 814 1375 Scheicdoc
829 1310 1023 1398 Emirocque
1040 1314 1167 1394 dicunt,
1192 1332 1290 1400 paro·

57 1441 147 1506 rent,
171 1442 203 1491 et
219 1426 398 1493 libertatem
417 1431 618 1514 nominisque
641 1424 778 1513 gloriam
801 1431 865 1492 vitis
889 1433 1287 1516 potioremaestimareut.

57 1541 148 1607 Inter
170 1544 272 1611 tribus
295 1545 368 1611 iiius
390 1549 540 1612 continua
559 1544 750 1620 vellendis,
777 1543 830 1608 vel
849 1550 959 1629 jurum
982 1548 1150 1614 obtinebat
1177 1573 1288 1617 aemu-

57 1658 159 1743 latio,
204 1666 290 1729 unda
321 1665 515 1730 creberrima
547 1664 680 1727 dissidia
712 1660 859 1749 bellaque
888 1679 1014 1729 exorta.
1059 1664 1165 1731 'Haeo
1201 1668 1288 1736 belia

57 1777 252 1845 uberrimam
283 1786 386 1868 potitis
415 1784 591 1848 carminum
621 1781 911 1862 componendorum
936 1786 1101 1847 materiam
1125 1787 1288 1852 ministra·

58 1896 157 1972 bant;
192 1904 332 1966 maxime
359 1901 414 1966 ubi
442 1909 557 1986 potitae
580 1899 659 1981 ipsi,
695 1899 779 1981 quod
802 1900 991 1982 saepissime
1014 1901 1138 1978 evenit,
1170 1909 1287 1988 pugnis

63 2015 299 2096 interfuissent,
322 2032 495 2102 partaeque
516 2017 670 2080 victoriae
693 2012 832 2099 aliquam
855 2030 978 2101 partem
995 2016 1058 2079 sibi
1075 2018 1284 2088 vindicarent.
1359 2058 1362 2063 >

37 2138 39 2142 '
61 2130 210 2218 Namque
224 2137 318 2220 quod
348 2137 477 2221 antiqua
500 2133 636 2198 Graecia
659 2133 700 2195 de
726 2132 867 2215 Tyrtaeo
888 2153 947 2196 sno
969 2132 1193 2221 Aeschyloque
1216 2161 1285 2205 rna-
1421 2214 1424 2221 ι

59 2254 182 2315 moriae
204 2256 360 2337 prodidit,
397 2269 564 2338 utrumque
588 2267 621 2315 et
642 2253 765 2315 strenui
788 2249 953 2314 bellatoris
976 2263 1007 2312 et
1029 2255 1150 2337 egregii
1172 2252 1284 2341 potitae

57 2383 167 2452 partes
186 2352 393 2452 sustinuisse,
417 2338 449 2437 id
472 2374 584 2435 eodem
605 2373 679 2453 jure
702 2370 742 2433 de
760 2370 913 2446 Ancora,
941 2368 1086 2449 torosa,
1114 2369 1286 2442 Toubbotu

56 2482 228 2553 Setorrarr
250 2488 384 2574 aliisque
406 2489 549 2555 Arabum
573 2493 677 2576 potitis
700 2482 944 2573 praedicaveris}
988 2486 1109 2567 lidern,
1131 2504 1165 2552 ut
1184 2488 1283 2559 June.

56 2613 104 2670 cii
122 2602 249 2670 utamur
272 2609 397 2687 verbis,
421 2612 475 2695 qui
498 2609 663 2696 victoriam
687 2618 946 2691 reportaverant,
968 2618 1000 2668 et
1023 2607 1173 2670 victoriae
1194 2631 1284 2692 prae·

56 2724 286 2805 consumant,
315 2743 451 2814 quotque
473 2729 506 2791 in
530 2723 616 2790 bello
638 2718 775 2800 herotis,
809 2736 855 2785 tot
878 2742 979 2809 paene
1007 2731 1121 2807 potitae
1143 2715 1281 2793 adrnira-

56 2841 139 2908 biies
151 2842 349 2910 'exstiterunt
374 2848 438 2930 ⁷¹).
931 2821 937 2826 .

588 3021 616 3095 ς.
642 3012 751 3080 xnv.

100 3134 106 3139 Ι
143 3167 238 3246 Quod
256 3171 326 3253 jam
349 3170 389 3236 ad
411 3168 546 3235 heroico
566 3166 624 3233 iila
644 3168 765 3231 adtinet
786 3170 953 3257 corocina,
989 3167 1051 3229 tria
1081 3167 1281 3248 potissimum

35 3319 37 3326 ·
60 3299 156 3365 sunt,
179 3308 261 3374 quae
281 3309 358 3374 prae
380 3290 495 3352 ceteris
517 3290 548 3350 io
573 3285 637 3350 iliis
660 3283 877 3349 celebrantur:
900 3285 968 3367 ipse
991 3304 1104 3368 nempe
1127 3282 1208 3350 delli
1225 3285 1281 3353 Ire·

58 3422 131 3484 rot,
151 3407 285 3492 gladios
300 3404 628 3492 equosquobellicor.
668 3400 811 3467 Arabum
836 3400 950 3465 dorcic
971 3398 1116 3485 vigilias,
1139 3405 1280 3470 inediam
1363 3448 1366 3460 ·

57 3525 329 3609 gravissimosque
350 3527 543 3589 inconcusso
564 3524 671 3586 animo
693 3518 831 3587 tolerant
851 3517 999 3595 labores,
1036 3529 1144 3582 vastas
1167 3498 1282 3604 perva-

58 3653 175 3725 gantur
195 3638 408 3721 solitndinec,
444 3645 540 3730 inque
561 3643 700 3706 ferarum
723 3636 833 3702 lustris
861 3647 1067 3722 pernoctant,
1103 3647 1139 3697 nt
1166 3658 1281 3722 corpus

58 3759 263 3846 animumque
285 3759 326 3821 ad
350 3757 426 3823 belli
448 3762 609 3846 negotium
631 3760 802 3834 indurent,
824 3755 877 3820 vei
898 3752 1006 3819 illatos
1025 3753 1089 3817 sibi
1112 3752 1153 3857 ab
1175 3753 1279 3820 hosti·

100 3996 159 4108 71')
187 4030 322 4090 Poscant
342 4030 498 4093 Asiaticae
520 4033 718 4094 commentar.
746 4052 774 4111 p.
795 4027 875 4101 2³1,
910 4026 1051 4089 editionis
1074 4024 1111 4089 eb
1134 3990 1283 4123 trichrus

143 4130 193 4190 nio
217 4133 393 4195 adomnane.
789 4158 793 4165 ·

867 4234 870 4239 ’
1005 4248 1027 4306 6
