2904 4942
466 325 506 381 Ile
533 326 602 396 stylo
624 327 779 383 carminum
803 324 997 383 Arabicarum,
1077 363 1080 367 ψ

512 458 994 598 pb-,batgaafigm

420 632 423 643 ’
507 635 992 773 speragappategtt
1117 636 1122 655 ²

139 762 141 764 Ι
203 786 327 873 Peperit
350 788 442 855 vobis
466 789 612 876 (bellurn)
631 786 851 857 adolescentes
870 787 1107 900 infelicissimos
1129 815 1252 881 omnes,

200 906 304 989 Instar
318 909 402 987 Rufi
417 909 613 988 Aditurum,
637 932 717 996 quos
730 908 863 992 lactavit
878 909 1007 992 (mator)
1023 932 1098 974 urox
1119 909 1336 995 ablactandos.
1431 965 1434 969 «

115 1024 167 1087 Ad
197 1020 418 1090 illustrandam
451 1030 622 1114 imaginem
652 1027 773 1091 baucca
803 1026 898 1090 liceat
920 1029 1162 1093 Roseamitller'e'
1188 1033 1221 1094 in
1252 1031 1338 1098 huuc

114 1140 223 1207 locum
248 1143 504 1209 observationem
528 1166 705 1231 apponere:
731 1146 796 1224 „ad
818 1145 1054 1224 Tleaadaeos,
1078 1148 1237 1231 antiquam
1253 1148 1337 1214 Ara-

115 1259 191 1324 bum
214 1263 350 1342 tribum,
379 1266 433 1348 qui
455 1265 547 1327 initio
569 1265 767 1340 Ademtum,
799 1262 840 1328 ob
863 1265 1060 1348 impietatem
1082 1266 1117 1327 in
1138 1261 1244 1329 Deum
1266 1270 1337 1334 dira
1366 1311 1369 1315 ›

116 1376 207 1443 clade
234 1362 484 1462 exstinctorum,
514 1384 680 1467 regionem
710 1394 896 1460 tenuerunt,
932 1383 1049 1444 missus
1077 1388 1146 1444 erat
1172 1383 1336 1470 propheta,
1440 1422 1444 1431 ·

117 1493 220 1561 Saled
250 1502 397 1578 nomina,
436 1504 490 1585 qui
519 1522 539 1564 a
572 1498 710 1584 plurium
740 1501 781 1564 ad
811 1501 907 1564 unius
932 1498 996 1563 Dei
1028 1497 1147 1563 cultum
1173 1503 1335 1568 invitaret.
1397 1534 1400 1539 ·

115 1614 183 1680 Cui
200 1621 293 1701 pauci
324 1619 493 1683 admodum
522 1631 714 1704 paruerunt,
748 1619 863 1681 ceteris
889 1618 1015 1701 signum
1045 1621 1244 1702 petentibus,
1274 1644 1336 1707 quo

113 1734 245 1819 impleto
274 1757 309 1819 se
337 1739 433 1800 etiam
456 1738 633 1828 credituros
656 1734 790 1821 polliciti
812 1749 919 1801 suut..·
940 1736 1089 1821 Signum·
1105 1735 1168 1798 hoo
1190 1737 1269 1816 luit,
1300 1750 1337 1801 ut

114 1874 235 1938 erupe
265 1854 400 1939 quadam
429 1853 583 1919 camelam
614 1856 693 1939 ipsis
721 1854 881 1920 educeret.
934 1852 1120 1937 Impetravit
1149 1853 1212 1917 hoc
1235 1851 1337 1919 Suleb

99 1993 134 2062 ,a
156 1971 244 2036 Deo:
271 1974 387 2058 prodiit
408 1994 426 2035 e
448 1995 527 2058 rupe
549 1970 671 2036 camela
689 1974 840 2035 immanis
856 1973 1101 2057 magnitudiniS,
1126 1993 1207 2055 quac
1221 1974 1336 2042 statim

112 2084 237 2171 pullum
257 2091 325 2171 jam
349 2088 562 2170 ablactatum,
586 2089 670 2154 hau'd
695 2093 828 2154 minoris
846 2103 947 2153 matre
970 2091 1222 2174 magnitudinis,
1240 2092 1337 2154 enixa

114 2218 174 2268 est.
221 2203 352 2270 Camela
377 2223 484 2271 autem
508 2206 564 2272 illa
586 2211 724 2273 interdiu
748 2209 858 2274 exibat
880 2209 919 2271 ad
944 2227 1080 2290 pascua,
1102 2206 1176 2285 ubi,
1201 2229 1271 2271 cum
1296 2209 1337 2273 ad

111 2336 241 2407 puteum
265 2338 318 2387 aut
341 2328 443 2390 rivum
465 2329 571 2406 veuit,
596 2329 722 2405 omnem
742 2326 906 2398 ebibebat;
933 2326 1124 2389 adventante
1145 2346 1220 2388 vero
1244 2308 1336 2389 nocte

112 2441 258 2520 redibat,
287 2447 319 2506 et
349 2446 540 2510 circumiens
569 2447 681 2510 domos
712 2445 850 2507 civitatis
883 2441 1059 2507 clamabatr
1095 2447 1127 2504 aa·
1158 2450 1230 2527 quir
1259 2453 1338 2530 eget

112 2561 218 2638 laete,
241 2561 446 2646 egrediatur.
490 2563 564 2651 Hoc
584 2567 681 2628 modo
698 2562 822 2627 civibus
844 2558 1068 2653 suppeditabat
1089 2556 1157 2637 lac,
1183 2575 1335 2645 quantum

111 2675 274 2742 volebant
338 2679 402 2744 Sed
436 2685 511 2767 quia
547 2683 644 2767 hujus
679 2679 820 2746 camelae
858 2680 1044 2742 deformitas
1079 2692 1173 2779 atqua
1206 2681 1336 2744 vastitas

112 2809 236 2861 ceteros
259 2815 474 2865 armentorum
496 2823 611 2888 greges
634 2824 652 2863 a
676 2820 791 2901 pascuo
813 2799 1008 2874 deterreret,
1032 2774 1146 2860 mulier
1168 2798 1334 2880 quaedam,

112 2919 164 2980 cui
200 2917 343 2982 Oneizae
370 2940 505 2998 nomen,
550 2918 643 2982 valde
675 2917 842 3002 opulenta,
885 2930 1018 3017 quatuor
1048 2912 1133 2977 filias
1167 2912 1335 3017 splendide

112 3022 293 3115 exornavit,
317 3057 434 3121 easque
453 3034 599 3101 exhibuit
622 3035 744 3137 homini
762 3037 899 3114 cuidam,
924 3035 1052 3097 nomine
1069 3030 1201 3110 Kedur,
1226 3026 1290 3098 Sat
1288 3033 1334 3113 efi

110 3152 200 3232 filio,
224 3167 258 3218 ut
281 3157 439 3238 acciperet
461 3177 500 3218 ex
525 3156 567 3218 iis
591 3176 704 3237 unam,
726 3176 818 3239 quam
842 3156 910 3238 ipse
934 3151 1047 3231 vellet,
1070 3173 1142 3214 cum
1166 3167 1274 3236 pacto,
1297 3167 1333 3217 ut

112 3271 265 3337 camelam
297 3270 384 3336 illam
415 3274 583 3337 occideret.
642 3272 804 3337 Ascensus
834 3286 884 3336 est
912 3258 987 3348 ille,
1024 3284 1055 3334 et
1086 3268 1189 3333 electri
1220 3272 1292 3375 apri
1313 3293 1336 3335 e

110 3388 227 3475 puellis
249 3413 397 3476 egressus
420 3406 469 3455 est
491 3415 562 3455 cum
586 3407 656 3456 octo
680 3394 795 3466 sociis,
819 3412 952 3477 quorum
975 3409 1034 3473 ope
1057 3387 1230 3467 camelam,
1260 3368 1332 3454 suc-

109 3511 187 3573 cisis
214 3508 462 3594 suffraginibus,
497 3512 630 3584 occidit3
659 3532 721 3594 quo
750 3511 834 3574 lacto
863 3521 1053 3592 provocatus
1082 3506 1173 3570 Deus
1200 3507 1333 3572 Taena-

109 3629 210 3693 daeoa
229 3650 351 3706 omnes,
375 3632 518 3713 exceptis
536 3631 644 3714 paucis
659 3627 736 3707 illis,
759 3631 812 3716 qui
829 3626 1002 3712 prophetae
1020 3628 1201 3688 invitationi
1218 3647 1331 3709 parue-

108 3762 201 3825 runt,
231 3760 303 3830 port
333 3749 489 3822 triduum,
520 3747 650 3812 horrido
673 3749 800 3835 fragore
823 3743 961 3837 .⁰⁰⁰,¹.l¹¹¹,⁸
991 3744 1147 3820 demisso,
1178 3740 1329 3827 perdidit3

108 3878 144 3945 ut
167 3867 264 3953 igitar
286 3868 381 3930 unius
404 3864 543 3930 bominis
565 3869 711 3951 impietas
734 3868 792 3929 toti
809 3865 898 3950 genti
914 3864 1039 3926 ruinam
1059 3861 1328 3946 adduceret0‘5).“

108 4005 316 4016 2...—

151 4053 405 4136 tiotcoufmmur
423 4054 512 4115 etiam
527 4053 698 4115 Maraecius
721 4053 752 4112 iu
775 4054 933 4133 prodromo
956 4053 995 4111 ad
1013 4049 1222 4110 refutationem
1238 4049 1329 4108 Alco·

115 4210 118 4215 .
193 4158 277 4228 rani,
300 4159 340 4233 Ρ.Ι
352 4159 400 4230 tt,
415 4180 444 4236 p.
457 4155 509 4229 92,
523 4154 582 4237 93¹3
604 4155 682 4215 idam
696 4155 727 4225 is
742 4156 822 4217 uotis
834 4156 959 4225 adsue.
973 4155 1036 4224 vlt,
1054 4174 1081 4214 ι.
1095 4152 1148 4224 ta,
1165 4174 1194 4230 p.
1209 4149 1283 4213 383.
