2904 4942
183 297 203 355 6
383 332 386 335 -
555 280 557 285 ’
658 297 729 354 Pom
751 297 776 355 1.
821 296 891 371 Gap.
913 296 936 352 1.

186 458 441 545 significatione,
463 480 545 545 quae
568 458 715 524 velante
737 459 884 537 Mosam,
910 457 960 521 uel
982 458 1053 543 ipsiu
1073 456 1181 541 Moee'e
1195 470 1305 518 aetate
1330 455 1421 519 obti-

189 581 319 656 nuisse,
349 563 463 662 postea
489 598 566 640 vero
597 598 638 641 ex
667 577 834 642 hominum
864 599 924 641 usu
953 570 1122 640 eiaouisae
1150 576 1285 639 videtur.
1343 574 1423 638 Huc

190 696 315 760 ceierae
336 710 512 780 pronomen
544 697 670 774 3pers.
693 710 778 772 tetri,
815 699 900 781 quod
928 698 996 780 ¹cup·
1019 686 1160 773 XXXI,
1191 714 1220 755 v.
1245 701 1306 771 11,
1343 693 1421 757 loco

120 796 135 811 ³
189 814 336 879 feminini
359 830 419 881 taut
442 811 629 886 adhibetur3
654 817 709 898 qui
725 812 877 900 loquendi
894 835 988 893 usus,
1009 828 1134 898 praeter
1152 810 1422 891 pentateuchum,

190 953 345 1017 nusquam
376 929 456 993 aliea
486 933 518 993 in
548 929 662 994 Veteri
692 929 903 997 Testamenta
933 935 1098 1018 reperitur.
1155 930 1248 995 Adde
1282 929 1422 994 verbum

190 1066 281 1142 mr
306 1050 390 1134 quod
414 1050 445 1112 in
469 1047 549 1113 Jott
569 1047 654 1112 libro
678 1051 840 1135 probum,
856 1055 1039 1136 integrum,
1062 1053 1221 1114 insontem
1244 1070 1334 1127 ease,
1365 1053 1424 1132 ju-

191 1182 275 1232 stam
297 1188 427 1231 causam
446 1165 567 1231 lrabere
589 1165 776 1251 significem·
790 1190 884 1253 quam
901 1168 1169 1254 significationem
1185 1170 1313 1231 nonnisi
1331 1167 1425 1232 loeus

191 1284 403 1373 tMos..cup.
422 1285 630 1362 XXXVIII,
651 1293 712 1375 26,
734 1288 851 1366 refert,
870 1289 1005 1352 serioris
1025 1299 1129 1349 autem
1153 1287 1225 1350 aevi
1245 1290 1427 1372 scriptores

191 1402 356 1489 paululum
372 1407 590 1469 immutarunt.
619 1404 716 1470 Haud
734 1404 827 1471 aliter
842 1419 875 1470 et
890 1408 929 1470 de
945 1402 1110 1468 vocabulis
1128 1404 1195 1494 {pipp
1211 1425 1281 1488 cap.
1294 1405 1426 1484 XVIII,

193 1528 234 1587 14
255 1522 307 1604 ⁶),
338 1536 371 1586 et
394 1525 470 1591 hubo
493 1545 560 1606 cap.
584 1523 671 1601 XX,
697 1530 758 1601 tt,
786 1526 999 1588 statuendum.
1054 1519 1201 1607 Namque
1231 1522 1427 1587 vocabulum

117 1652 122 1667 '
193 1643 257 1726 ’ῥυ
288 1641 365 1705 iude
390 1662 409 1703 a
431 1639 578 1707 Decidit
596 1630 703 1707 aetate
726 1645 856 1711 nonnisi
878 1665 987 1728 regem
1012 1643 1158 1716 denotat3
1196 1657 1327 1705 atvero
1350 1641 1427 1706 loco

192 1763 289 1825 citato
308 1781 373 1823 non
393 1781 514 1845 regem,
537 1761 594 1823 sed
612 1762 725 1823 ducem
742 1760 919 1845 significem
944 1761 1029 1824 unde
1044 1756 1191 1837 efficitur,
1212 1758 1292 1823 Jobt‘
1304 1757 1425 1822 librum

192 1881 233 1942 iia
256 1877 578 1961 temporibue'fuisse
602 1882 836 1963 conscriptum,
866 1879 981 1962 quinus
1004 1878 1148 1942 Hebraei
1171 1900 1272 1963 neque
1291 1877 1426 1961 regibus

192 1996 331 2078 subjecti
360 2009 487 2074 essent,
522 2018 629 2082 neque
659 2000 791 2060 omnino
823 2000 932 2080 regiae
961 1998 1124 2080 dignitatis
1148 1999 1310 2059 notionem
1334 2009 1431 2058 tene·

134 2178 137 2185 ,
194 2127 284 2187 rent3
314 2135 398 2197 quae
419 2127 563 2198 tempora
587 2113 696 2196 procul
718 2114 816 2177 dubio
836 2116 978 2197 judicum
1002 2113 1234 2178 Hebraicorum
1258 2127 1433 2177 transcen-

195 2233 276 2295 dunt
299 2244 474 2294 oetatem«
500 2228 595 2305 Quod
618 2233 658 2295 ad
682 2229 873 2297 venabulum
893 2236 966 2300 nito
988 2235 1129 2310 adtinet,
1163 2244 1288 2316 praeter
1315 2229 1447 2296 locum‘

194 2347 359 2411 laudatum
377 2349 525 2431 nuspiam
548 2348 704 2433 singulari
720 2370 854 2412 numero
871 2353 1026 2425 occurrit3
1049 2353 1134 2415 unde
1149 2352 1314 2432 conjicias,
1339 2350 1433 2416 huuc

103 2555 112 2563 ,
196 2463 351 2549 loquendi
372 2487 465 2529 usum
490 2468 529 2530 ad
554 2470 775 2553 antiquissima
797 2470 948 2533 recedere
971 2484 1127 2554 tempora.
1175 2468 1272 2532 Haud
1296 2470 1433 2552 quidem

67 2654 71 2661 ¹
196 2586 332 2660 deauut,
353 2586 425 2667 ,qui
448 2605 488 2647 ex
512 2584 770 2649 Mauoretlaerum
793 2583 1333 2671 rementiaprosingulari-umbe
1357 2587 1434 2672 plu·

197 2701 299 2766 ralem
328 2703 434 2777 renuo
464 2701 636 2787 legendum
669 2706 885 2788 praecipiant,
921 2727 1001 2789 quae
1032 2718 1140 2768 tamen
1166 2702 1267 2778 lectio
1297 2706 1436 2787 recepta

194 2822 338 2885 'deterior
367 2824 538 2886 censenda.
599 2818 745 2905 Namque
767 2843 808 2886 ex
830 2825 1014 2888 criticorum
1034 2823 1198 2887 ue'ntentid
1220 2816 1317 2882 lectio
1341 2821 1436 2886 diffi-

198 2935 291 3001 cilior
313 2939 483 3022 minusque
511 2941 627 3004 usitate
649 2937 785 3007 faciliori
808 2953 901 3024 atque
925 2943 1104 3023 usitatim,
1137 2939 1261 3002 ceteris
1280 2938 1433 3020 peribuS,

206 3156 407 3174 ‚n-——n-

215 3304 272 3385 ·6)
301 3310 334 3366 ln
356 3306 523 3365 Bertlroldti
547 3306 657 3367 introd.
686 3311 722 3368 P.
738 3310 771 3380 V,
797 3331 824 3387 p.
841 3307 936 3379 2134,
961 3309 1030 3367 toti
1054 3327 1120 3387 cop.
1138 3306 1279 3379 xmo,
1303 3308 1434 3371 citatur.

279 3411 320 3469 et
341 3428 413 3469 vero
436 3428 473 3466 eo
497 3408 566 3467 loeo
596 3412 770 3471 vocabulum
798 3413 862 3489 *tito
894 3431 952 3469 non
982 3410 1115 3469 liabetur.
1165 3411 1264 3475 (luere
1287 3414 1435 3487 putarim,

281 3506 491 3569 Bertlroldtum
521 3531 587 3588 cap.
611 3514 728 3591 XVIII,
762 3511 818 3582 lt,
852 3511 1037 3589 respexisse,
1080 3532 1137 3590 quo
1161 3512 1189 3568 iu
1216 3511 1284 3569 loeo
1309 3515 1435 3574 omnino

285 3609 459 3672 vocabulum
485 3611 557 3670 illud
581 3614 723 3673 occurrit.
768 3614 936 3671 Notandum
959 3613 989 3669 in
1011 3611 1197 3682 universum,
1228 3612 1434 3695 diligentissi-

283 3731 359 3770 mum
393 3712 473 3771 illum
505 3713 638 3793 alioquin
668 3727 819 3774 auctorem
852 3714 880 3771 in
912 3712 1039 3771 citandis
1069 3711 1146 3770 locis
1176 3711 1295 3770 bilrlieis
1332 3714 1436 3777 minus

157 3812 160 3817 ’
284 3812 448 3894 diligenter
478 3823 637 3875 versatum(
658 3816 764 3875 fuisse.
815 3816 946 3894 Namque
975 3820 1006 3872 et
1034 3812 1064 3870 io
1090 3811 1145 3883 tir,
1185 3830 1269 3891 quoe·
1290 3821 1438 3892 sequenti

188 3988 191 3997 ,
284 3915 414 3996 pagina,
446 3914 547 3989 2135,
584 3917 720 3977 citantur
744 3917 820 3976 locis
842 3913 982 3985 biblicis,
1013 3914 1084 3972 teti
1106 3913 1197 3983 XIII,
1222 3911 1283 3984 19,
1302 3913 1439 3981 LGenee.

281 4015 353 4074 Xlll
360 4040 383 4093 ,χ
393 4015 434 4076 18
442 4061 452 4090 ,
474 4026 623 4092 erratuum
653 4018 800 4100 siquiden
821 4013 891 4075 lobi
915 4015 989 4085 ΧΙΙ,
1014 4013 1070 4084 19,
1092 4019 1123 4071 et
1142 4012 1254 4073 Genea.
1273 4015 1355 4088 XIV,
1383 4019 1439 4090 18,

283 4115 450 4196 legendum.
1241 4126 1282 4163 ··³=
