2904 4942
366 286 408 345 De
428 288 537 360 eripior
559 297 583 347 ot
605 291 696 348 roera
716 294 824 365 peiores
847 291 1011 350 Hebraicoc.
1280 293 1298 352 5

67 451 321 518 existimaretur.
369 449 519 536 Denique
544 466 576 516 et
598 473 716 517 numen
740 457 884 520 divinum
907 456 939 518 in
963 457 1168 543 gravioribus
1190 459 1305 525 reram

13 602 16 607 ¹
67 570 243 636 momentis
263 566 450 631 hominibus
473 571 627 655 adparere
650 585 794 655 putatum
832 594 913 658 quae
936 576 1045 659 opinio
1062 566 1145 660 'post
1172 577 1297 643 Mercu·

67 695 125 755 vix
148 688 232 773 apud
252 682 423 750 Hebraeos
445 687 713 772 deprehenditur,
739 690 855 774 quibus
878 695 994 776 quippe
1017 693 1215 778 temporibus
1235 719 1296 761 nn·

66 810 164 874 minis
195 805 298 869 divini
329 801 402 875 loco
426 804 543 891 angeli
575 807 728 890 adparere
766 808 969 892 putabantur.
1033 810 1130 875 Haud
1166 815 1294 896 quidem
1351 798 1368 815 ⁸

67 929 182 1014 negari
199 937 327 1009 potest,
352 935 383 985 et
399 926 433 985 in
450 923 679 1039 prephetarum
700 922 793 988 libris
815 925 1010 1013 psalmisque
1030 931 1168 994 neminie
1192 931 1294 1025 divini

67 1046 300 1130 adpetitionem
329 1041 490 1107 interdum
521 1044 710 1119 memorari,
749 1063 829 1128 quae
851 1058 957 1109 tamen
982 1067 1051 1124 res,
1083 1067 1177 1111 secus
1198 1061 1292 1133 atque

69 1169 102 1229 in
123 1161 204 1228 Jobr'
219 1158 322 1239 libro,
351 1160 481 1223 nonnisi
502 1160 543 1222 ad
564 1161 723 1243 poeticam
743 1158 907 1226 fictionem
930 1163 1100 1228 referenda
1122 1164 1162 1248 ⁴).

149 1294 195 1380 ΙΙ)
218 1295 255 1358 ln
272 1291 353 1359 tota·
370 1291 454 1358 libro
477 1316 580 1380 neque
601 1296 709 1381 populi
728 1297 881 1375 Hebraici
899 1300 1052 1376 historia,
1077 1321 1179 1386 neque
1201 1299 1290 1387 leges

65 1419 230 1483 Mosaioae
261 1434 395 1498 nsquam
424 1416 650 1499 respiciuntur.
701 1414 801 1480 Nulla
829 1415 896 1479 illic
927 1419 1046 1479 mentio
1074 1415 1291 1483 celebratissi·
1391 1438 1395 1455 ¹

63 1559 188 1627 morum
207 1530 315 1618 populi
331 1530 485 1595 Hebraici
505 1534 684 1615 majorum,
707 1533 894 1600 Abraham·
899 1579 909 1612 ,
933 1533 1028 1598 Irocr'
1042 1547 1135 1620 atque
1151 1535 1290 1614 Jarota

64 1654 147 1720 nihil
176 1654 216 1717 de
245 1651 390 1733 ejusdem
422 1647 530 1732 populi
560 1653 753 1734 migratione
782 1674 823 1716 ex
852 1653 1022 1736 Aegypto,
1066 1654 1201 1716 transitu
1231 1674 1288 1737 per

62 1794 153 1838 mare
175 1766 407 1852 Erythraeum,
431 1766 545 1845 bellis,
575 1789 645 1830 cum
669 1769 847 1833 Gananaeis
872 1769 1006 1854 aliisque
1029 1767 1153 1853 populis
1174 1775 1285 1855 gestis,

61 1895 162 1974 inque
186 1882 318 1950 exilium
339 1887 523 1968 ejectione3
560 1881 702 1951 nihil'de
725 1889 980 1970 Hierosolymis,
1011 1886 1133 1963 Ziotre,
1167 1884 1286 1971 templo
1409 1888 1412 1892 ’

60 2006 328 2088 caerimoniisque
349 2004 516 2069 Levitieir.
568 2002 636 2067 lmo
666 2026 724 2069 nee
752 2009 855 2090 ipsum
879 2007 1020 2069 numinis
1041 2004 1142 2067 divini
1166 2024 1283 2068 nomen

60 2144 160 2203 natta,
184 2122 268 2209 qaod
288 2123 364 2184 inde
386 2143 406 2184 a
427 2121 535 2186 Moris
555 2136 660 2187 aetate
683 2145 759 2208 prae
780 2128 895 2188 ceteris
908 2122 971 2186 Dei
995 2121 1179 2186 nominibus
1198 2123 1283 2207 apud

59 2244 231 2308 Hebraeos
250 2237 405 2314 invaluit,
427 2237 509 2303 toti·
522 2244 646 2305 auctori
670 2244 833 2326 cognitum
851 2243 950 2304 irrisae
967 2241 1100 2304 videtur.
1137 2237 1285 2326 Namque

58 2365 121 2426 etsi
150 2360 338 2444 saepissime
368 2360 510 2421 numinis
538 2358 640 2421 divini
670 2360 790 2421 mentio
816 2360 1002 2440 injiciatur,
1042 2359 1144 2422 Jovae
1174 2371 1280 2421 tamen

58 2456 343 2560 nomen‚'praeter
364 2477 515 2540 carminis
534 2475 701 2562 prologum
726 2490 758 2540 et
779 2474 957 2561 epilogum,
989 2478 1044 2560 qui
1065 2477 1180 2540 seriori
1200 2489 1282 2538 tem-

60 2621 137 2686 pore
159 2597 278 2680 adjecti
298 2605 390 2672 sunt,
422 2614 577 2678 nusquam
601 2597 758 2674 occurrit,
790 2596 853 2658 nisi
874 2615 945 2679 cap.
962 2592 1051 2672 Xll,
1075 2614 1106 2658 v.
1124 2599 1163 2671 9,
1194 2607 1226 2657 et
1245 2596 1279 2656 io

56 2734 275 2788 sermonum,
305 2715 360 2798 qui
387 2710 459 2777 Deo
491 2710 697 2791 tribuuntur,
738 2713 1011 2797 inscriptionibus.
1068 2710 1112 2775 At
1140 2731 1218 2775 vero
1246 2714 1280 2775 in

56 2836 157 2921 priori
180 2828 239 2896 illo
261 2828 333 2895 loco
356 2850 523 2916 perperam
545 2845 621 2898 riam*
646 2851 706 2914 pro
728 2835 811 2901 arbre
833 2830 971 2916 legitur;
1006 2842 1040 2891 et
1060 2831 1144 2912 quod
1166 2831 1204 2893 ad
1228 2832 1281 2892 in·
1327 2914 1331 2919 Ι

57 2949 254 3037 scriptiones
288 2961 483 3012 memoratas
513 2950 658 3027 adtinet,
705 2969 858 3033 perquam
891 2945 1067 3012 verisimile
1097 2960 1165 3026 est,
1205 2945 1280 3011 illas
1419 3020 1426 3030 ³

60 3071 179 3137 seriori
199 3081 341 3152 tempore
361 3068 504 3150 adjectas
527 3067 629 3131 inisse
653 3065 693 3150 ⁵).

143 3186 205 3269 ΙΙΙ)
227 3185 337 3271 Ipsum
357 3205 482 3270 quoque
504 3186 631 3249 dicendi
653 3205 775 3270 genae,
800 3185 884 3268 quod
907 3187 939 3247 in
962 3183 1043 3248 Jobo'
1059 3183 1144 3246 libro
1167 3184 1280 3266 depre-

53 3307 226 3383 henditur,
253 3304 443 3369 documento
466 3316 532 3380 est,
557 3301 673 3367 librum
696 3301 786 3365 illum
809 3314 882 3365 ante
903 3301 1011 3366 Morio
1032 3315 1168 3366 aetatem
1193 3323 1280 3365 comh

53 3429 197 3513 positum
225 3423 337 3487 inisse.
392 3418 539 3505 Namque
569 3442 663 3506 quam
696 3418 832 3506 plurima
862 3418 1083 3484 voeabula-ea
1110 3433 1280 3485 occurrunt

97 3699 134 3777 4)
159 3697 334 3758 llielrlrornii
357 3697 467 3757 introd.
481 3696 512 3756 in
529 3697 595 3757 vet.
611 3697 748 3757 Testem.
772 3702 793 3756 t.
809 3696 869 3766 ΙΙΙ,
892 3717 921 3774 p.
938 3692 1012 3754 575.
1046 3693 1211 3754 Bertlroldti
1234 3693 1278 3752 io·

141 3800 226 3862 trod..
242 3802 278 3861 Ρ..
296 3801 329 3872 V,
352 3822 379 3877 p.
395 3798 494 3873 2132,
517 3798 611 3858 2140.

95 3921 133 4000 5)
155 3918 331 3979 Eiclhornii
354 3916 465 3977 intrari.
487 3917 519 3976 in·
543 3919 607 3976 Vei.
629 3917 767 3975 'l'estam
798 3922 819 3974 t.
839 3866 899 3984 ΙΙΙ,Ι
921 3893 1044 3990 parta,
1067 3909 1141 3972 575.
1178 3911 1278 3970 Stulrl-

141 4020 241 4081 menni
263 4019 372 4081 introi.
395 4018 424 4099 in
446 4017 655 4115 librandam,
675 4039 705 4099 p.
721 4016 773 4090 47,
795 4013 849 4077 48.
877 4013 1044 4074 Bartholdti
1061 4013 1169 4096 introd.
1192 4013 1228 4074 Ρ.
1246 4015 1277 4083 l',

142 4144 171 4202 p.
193 4119 287 4182 2133.
