2904 4942
83 236 89 249 ·
127 282 130 287 ’
158 296 213 354 roe
370 264 376 275 l
635 290 707 349 Part
728 289 775 348 11:
814 291 881 366 Cap.
905 290 927 347 1.

112 480 115 487 “
175 458 358 523 Offenditur
387 457 428 520 ab
459 454 548 520 urbis
570 454 787 541 custodibus,
829 454 1079 539 verberibusque
1107 452 1251 519 afficitur.
1289 435 1400 525 'Hand

174 584 305 644 invento
328 558 567 639 adolescentulo
589 571 712 657 puellas
734 572 1045 656 Hierosolymitanas
1067 570 1267 654 obtestatur,
1294 577 1401 663 sicubi

176 684 441 763 dilectum‘suum
463 694 674 770 offenderint,
699 695 729 756 ei
752 694 955 769 renuntient,
986 703 1104 775 quanto
1125 694 1158 755 in
1182 711 1256 755 enm
1277 693 1402 760 foram

176 837 295 881 amore.
340 809 587 876 Sciscitantibus
610 808 748 895 puellis,
781 813 925 895 quisnam
949 806 1004 872 ille
1025 812 1086 888 sit,
1120 830 1213 894 quern
1234 825 1402 898 tantopere

56 969 60 977 ,
176 938 343 1020 depereat,
367 931 518 992 eximiam
540 926 650 1008 dilecti
671 931 721 991 sui
738 917 1003 1021 pulchritudinem
1028 949 1085 1011 per
1106 927 1233 1012 singula
1255 933 1403 1016 corporis

177 1051 321 1116 membra
343 1047 504 1111 describit.
550 1047 584 1110 ln
608 1046 745 1109 eundem
768 1046 897 1109 modum
923 1060 954 1108 et
976 1043 1162 1109 adolescens
1185 1062 1401 1130 praestantem

177 1168 302 1254 puellae
330 1166 467 1228 formam
496 1162 648 1228 celebrat.
700 1164 787 1227 Hinc
815 1163 995 1227 alternatim
1025 1162 1132 1248 puella
1159 1177 1191 1227 et
1212 1164 1403 1235 adolescens

178 1288 298 1351 amoris
329 1286 379 1348 sui
408 1285 473 1345 ,vim
501 1297 594 1367 atque
624 1282 858 1347 vehementiam
888 1285 1083 1367 praedicant.
1126 1275 1248 1353 ,Finem
1271 1293 1402 1352 cantico

179 1410 379 1471 canticoram
411 1403 548 1486 imponit·
573 1388 706 1465 fratrum
736 1398 861 1486 puellae
891 1398 1080 1467 deliberatio
1107 1402 1150 1466 de
1179 1405 1402 1484 custodienda,

178 1527 276 1609 inque
291 1521 527 1592 matrimonium
548 1517 686 1584 locanda
702 1541 829 1592 sorore;
852 1520 935 1605 quod
952 1533 1057 1583 tamen
1075 1519 1211 1583 fratrum
1232 1520 1402 1587 consilium

177 1637 286 1725 puella
307 1654 496 1716 aversatur,
516 1639 672 1720 innuens,
694 1642 855 1725 seipsam
878 1641 930 1702 sui
951 1638 1021 1702 fore
1043 1640 1219 1703 custodem.
1289 1660 1298 1671 ·

680 1843 709 1919 r.
737 1839 898 1904 xxxin.

264 1989 445 2058 totaliter
468 1989 573 2055 tribas
594 1995 734 2056 maxime
756 1994 937 2057 continetur
955 1992 1132 2077 partibas:
1151 1995 1310 2080 prologo,
1332 1997 1401 2079 ipati

179 2113 333 2176 materiae
357 2115 580 2187 tractatione,
611 2126 705 2197 atque
730 2113 872 2195 epilogo.
923 2110 960 2175 In
984 2110 1115 2199 prologo
1140 2126 1172 2176 et
1194 2109 1324 2197 epilogo
1348 2133 1402 2197 pe·

179 2228 280 2292 destri
308 2246 457 2290 sermone
487 2230 584 2291 utitur
613 2243 744 2303 auctor3
782 2231 840 2292 sed
870 2232 903 2294 in
933 2232 1004 2314 iperi
1033 2234 1186 2295 materiae
1212 2233 1403 2294 tractatione

179 2343 277 2408 altius
305 2346 461 2428 insurgit,
499 2360 530 2408 et
560 2322 686 2431 poetico
714 2346 815 2410 fertur
843 2322 968 2432 spiritu.
1017 2350 1160 2434 Prologe'
1180 2362 1403 2433 argumentum

178 2462 417 2546 hujuscemodi:
439 2461 558 2541 Jotm,
583 2466 630 2528 vir
646 2467 766 2549 pietate
781 2468 936 2551 insignis,
959 2468 1104 2552 vitaeque
1127 2466 1219 2532 bouis
1242 2467 1402 2547 adfluens,

178 2583 381 2667 permittente
404 2583 534 2645 numine
556 2583 684 2660 divino,
722 2606 741 2646 a
770 2581 901 2648 Satauci
929 2584 1077 2649 oumibus
1107 2586 1199 2650 bonis
1227 2583 1401 2672 liberisque

172 2699 355 2785 spoliatur,
380 2717 420 2762 eo
442 2681 593 2777 consilio,
624 2716 658 2764 ut
682 2704 741 2765 viri
764 2705 865 2787 pietas
887 2692 1043 2777 tentetur,
1072 2716 1123 2779 et,
1145 2705 1174 2765 si
1196 2699 1269 2767 lieri
1291 2708 1402 2789 possit,

176 2813 397 2885 labefactetur.
439 2815 551 2904 Neque
576 2833 680 2907 tamen
703 2822 743 2886 ed
761 2820 888 2901 jactura
910 2817 1012 2884 totus
1034 2796 1198 2894 movetur,
1222 2836 1336 2886 contra
1353 2824 1403 2886 in·

178 2947 334 3001 concumo
357 2939 463 3000 animo
486 2939 518 2999 in
543 2941 658 3022 pietate
688 2951 882 3023 perseverat.
935 2935 1020 3000 Tum
1047 2937 1189 3021 graviori
1217 2937 1303 3002 malo
1333 2925 1402 3004 ten·

62 3116 64 3119 .
178 3056 310 3137 tandmn
329 3069 439 3117 censet
462 3053 628 3131 Sotaaao,·
650 3077 747 3139 quare
773 3055 883 3119 morbo
906 3055 1111 3132 foedissimo,
1135 3077 1227 3139 quem
1250 3054 1401 3142 elephan-

177 3172 272 3234 tiasin
296 3168 393 3255 vulgo
415 3186 542 3255 putant,
565 3176 669 3236 virum
690 3172 825 3258 adfligit.
870 3173 934 3235 Sed
956 3193 1060 3258 neque
1079 3172 1206 3238 dolores
1227 3174 1402 3240 vehemen-

176 3288 312 3366 tissimi,
335 3309 438 3372 neque
458 3291 568 3352 uxoris
584 3293 700 3374 impiae
716 3294 829 3355 irrisus
846 3314 865 3355 a
883 3289 978 3354 solita
993 3291 1150 3374 probitate
1165 3314 1237 3355 eum
1254 3309 1400 3359 avertere

176 3420 319 3491 possunt·
359 3407 502 3492 Accepto
515 3410 585 3491 ejus
601 3396 647 3471 rei
664 3413 775 3473 nuntio
791 3424 855 3473 tres
869 3408 949 3473 tota
962 3412 1075 3486 antici,
1096 3409 1254 3496 Elephas,
1271 3411 1402 3480 Btldod
1440 3475 1445 3486 ,

177 3540 210 3588 et
233 3524 377 3609 Zopdur,
402 3525 564 3590 adflictum
587 3529 716 3591 visitare
738 3543 769 3590 et
785 3526 900 3591 solatio
915 3530 1039 3612 erigere
1055 3531 1260 3593 constituunt·
1290 3529 1421 3606 Quem.

177 3662 249 3707 cum
276 3646 415 3735 adierint
445 3661 539 3731 atque
567 3651 822 3733 conspexerint,
864 3644 1149 3728 vehementissime,
1174 3650 1301 3732 primo„
1344 3671 1399 3734 pro

174 3760 378 3847 orientalium
400 3762 566 3828 hominum
589 3788 697 3846 inore,
720 3765 954 3839 lamentantur3
978 3766 1051 3831 dein
1075 3742 1310 3845 obmutescunt,
1335 3791 1397 3833 nou

56 3944 59 3949 .
87 3938 90 3945 .
174 3884 245 3945 anai
269 3884 404 3946 amicum
427 3879 586 3948 dolentem
616 3882 787 3948 consolari.
824 3882 983 3959 ,Tandem
1013 3884 1116 3949 totus
1146 3886 1243 3970 (quod
1271 3893 1399 3950 tracta·

175 4004 277 4064 tiout't
289 4013 338 4063 est
352 4003 494 4084 initium)
509 4001 672 4067 silentium
685 4005 814 4086 rumpit,
835 4005 919 4067 diem
935 4002 1073 4068 natalem
1090 4025 1184 4067 suum
1200 4003 1397 4080 detestando,

173 4114 348 4204 felicesque
373 4121 586 4204 praedicando
608 4142 686 4198 eos,
723 4124 776 4205 qui
797 4120 906 4223 lucem·
926 4121 1055 4189 vitalem
1080 4141 1241 4206 nunquam
1265 4141 1398 4206 conspe·
