2904 4942
73 302 168 391 ,ror
395 373 404 386 „
548 300 620 358 aaa
640 300 682 359 rr.
727 299 796 375 oap.
820 296 876 358 ur.
954 259 960 265 ²

111 485 280 529 uarnerum
301 463 386 527 haud
408 463 568 535 immerito
591 463 713 527 referas
738 484 864 527 sarman
883 461 962 526 illud
984 463 1175 548 probrosum
1199 466 1236 528 iu
1253 467 1335 552 regis

111 582 300 666 Babylonioi
322 583 502 657 interitum,
524 583 605 664 quod
628 579 756 645 Jesaiae
779 602 851 666 oap.
869 580 963 659 XIV,
985 601 1014 643 v.
1035 587 1156 659 4-20,
1182 580 1335 657 hebetum

110 705 162 766 oui
179 693 322 764 oarmini¹
335 701 396 762 etsi
413 698 498 761 haud
515 698 621 762 desint
641 699 727 763 sales
748 711 791 762 et‘
803 697 984 779 cavillatio,
1006 701 1115 769 tamesi
1129 711 1221 763 tante
1241 703 1336 764 etism

111 791 201 883 inest
220 821 380 904 dignitas,
408 829 443 879 ut
464 814 624 895 dubitem,
653 838 694 880 an
717 818 750 880 iu
775 820 891 902 magnai
920 819 1094 881 carminum
1116 821 1338 900 satyricorum,

113 937 194 1023 quae
225 935 368 1000 Arabum
406 941 528 1018 potitae,
556 932 726 1012 foderunt,
763 914 860 1018 eopia
888 931 988 997 ulium
1018 935 1232 1014 invenimus
1257 939 1339 1023 quod

112 1057 246 1120 carmini
268 1051 316 1116 iiii
340 1055 438 1136 possit
460 1052 672 1135 aequiparari.
703 1089 740 1100 -
773 1051 864 1126 Quae
893 1052 933 1114 ad
956 1047 1340 1136 rtarrotoriust‘podseur

110 1195 214 1259 genus
236 1163 397 1256 pertinent
418 1170 559 1233 earmina
582 1168 735 1232 historica
757 1166 948 1253 fabulaeque
969 1168 1191 1234 Romanenses
1214 1174 1250 1234 in
1274 1171 1340 1234 He-

114 1289 284 1354 braeorum
307 1291 396 1373 poe'si
419 1290 544 1374 quidem
570 1259 808 1364 desiderantur;
831 1308 933 1371 neque
950 1290 1206 1351 tameu'omuiuo
1226 1291 1341 1353 desunt

113 1410 314 1473 narrationes
335 1405 428 1469 fiotae
450 1421 545 1491 atque
565 1405 704 1489 apologi.
759 1403 860 1467 Fiotis
883 1405 1137 1483 narrationibus,
1166 1408 1273 1469 siouti
1289 1429 1339 1470 su-

112 1527 222 1614 perius
250 1527 317 1609 jem
348 1525 504 1587 monitum
533 1521 611 1600 suit,
650 1521 758 1586 Jonas
790 1520 874 1586 liber
902 1522 1160 1604 adnumerandus
1199 1526 1340 1599 videtum

115 1641 243 1728 apologi
258 1654 364 1705 autem
381 1642 547 1725 egregium
563 1643 724 1724 speoimen
744 1640 881 1705 babetur
899 1640 1045 1704 Judioum
1063 1638 1167 1718 libro,
1192 1663 1267 1727 esp.
1280 1641 1340 1720 lx,

114 1765 230 1826 8-15.
256 1780 296 1809 -·-
326 1758 633 1844 Eps'grammeis'eae
654 1760 791 1845 denique
822 1767 957 1844 poeseos
982 1758 1151 1842 vestigium
1180 1739 1287 1823 babes
1309 1763 1340 1822 in

114 1881 294 1963 aenigmate
315 1875 390 1954 illo,
419 1878 502 1962 quod
533 1879 638 1940 oooiso
669 1876 763 1941 leone
784 1875 913 1940 Simeon
934 1873 1119 1939 Pbilietaeis
1147 1874 1341 1940 solvendum

113 1999 296 2080 proposuit,
320 1992 415 2058 Judd.
439 2016 510 2078 oap.
530 1994 622 2072 XIV,
641 1996 689 2057 14.
711 2031 752 2043 ··-
774 1993 896 2070 Vides,
917 1995 970 2070 id,
996 1994 1079 2078 quod
1102 1996 1231 2078 magnai
1248 1997 1342 2082 copiti

112 2124 207 2197 atqua
231 2116 382 2176 varietate
404 2113 436 2174 in
454 2109 597 2174 Arabum
619 2115 710 2196 poesi
732 2102 888 2195 superest,
910 2111 994 2194 apud
1017 2109 1185 2176 Hebraeos
1210 2114 1342 2177 nonnisi

115 2230 251 2310 sparsim
284 2228 505 2312 frustatimque
538 2231 689 2313 reperiri3
725 2250 843 2314 quare,
881 2230 909 2291 si
929 2222 1225 2293 ‘similitudine'uti
1254 2229 1341 2311 lieet,

114 2346 230 2427 poesin
246 2342 415 2409 Arabioam
436 2346 566 2409 domum
588 2346 725 2431 amplam
747 2360 842 2432 atque
857 2344 1077 2431 magnifieum,
1101 2348 1254 2414 omnibus
1276 2351 1343 2413 suis

113 2459 258 2544 pertibus
280 2464 455 2548 integram,
486 2476 604 2527 sartam
628 2478 806 2549 tectamque
828 2465 981 2538 dixerim3
1012 2463 1207 2557 Hebraioam
1232 2481 1346 2530 ooutre

115 2579 306 2663 magnifioae
329 2582 442 2645 domus
464 2585 610 2659 ruinam,
642 2585 734 2665 eujus
757 2594 918 2644 structura
941 2579 991 2642 vel
1015 2603 1079 2644 non
1102 2581 1272 2661 absoluta,
1297 2582 1344 2648 vel

118 2710 295 2782 temporum
317 2703 437 2782 injur-iai
462 2699 602 2785 collapsa
623 2699 702 2778 fuit,
724 2701 768 2761 ita
792 2714 825 2760 ut
849 2701 976 2761 nonnisi
999 2701 1125 2764 modica
1146 2703 1344 2766 inconeussa

115 2831 177 2880 stet
198 2839 289 2901 pars,
320 2827 428 2882 cetera
449 2819 565 2882 rudera
587 2832 681 2903 atque
705 2817 893 2901 fragmenta.
940 2813 1089 2880 Ceterum
1114 2819 1265 2901 quamvis
1289 2840 1344 2882 ou-

116 2938 299 3019 piosissima
328 2939 369 2998 sit
392 2936 532 2999 Arabum
558 2939 682 3020 poesis,
713 2950 818 2999 tamen
848 2939 880 2998 in
912 2956 951 2997 eo
981 2957 1050 3018 oum
1075 2935 1244 2999 Hebraioai
1266 2958 1346 3000 eou-

116 3055 221 3130 venit,
252 3055 336 3136 quod
359 3067 491 3138 utraque
523 3065 555 3115 et
584 3055 684 3136 epicis
712 3065 745 3114 et
767 3055 948 3117 dramatiois
971 3052 1166 3115 carminibus
1189 3054 1345 3117 destituta

116 3171 169 3232 sit.
221 3169 324 3232 Fuere
348 3173 496 3252 quidem,
529 3174 582 3255 qui
610 3169 663 3232 vel
692 3183 877 3253 utromque,
911 3169 962 3232 vei
985 3169 1172 3242 alterutrum
1203 3181 1344 3255 poeseos

107 3264 219 3370 *genus
242 3286 402 3350 Hebraeis
417 3286 642 3374 Arabibusqua
665 3286 828 3350 vindicare
853 3285 1063 3361 reiteraret
1087 3309 1199 3371 parum
1223 3288 1344 3373 proba-

116 3400 234 3467 bilibus
267 3405 452 3469 rationibus.
517 3405 644 3468 Etenim
676 3408 805 3467 si‘oum
838 3405 1005 3486 Augustis
1033 3411 1084 3483 ⁸⁴)
1115 3403 1343 3484 Hebraeorum

114 3523 389 3598 Pentateucltum‚
422 3536 453 3584 et
483 3542 553 3585 oum
576 3521 712 3585 donatio
736 3523 787 3601 ⁸⁵)
806 3519 1258 3588 Arotacttadaetatoman
1287 3526 1344 3590 Tt-

115 3644 203 3701 taurs'
215 3640 324 3722 epioae
340 3643 428 3725 poesi
445 3642 651 3716 adnumeres,
676 3637 824 3701 omnibus
840 3636 984 3720 legibus,
1007 3659 1085 3722 quas
1099 3642 1176 3701 artis
1194 3645 1342 3724 potetate

117 3757 260 3837 magistri
298 3757 338 3818 da
374 3760 552 3821 carminum
581 3737 742 3840 epicorum
773 3753 881 3817 indole
920 3767 951 3816 at
988 3757 1123 3818 ratione
1144 3770 1341 3837 statuerunt,

116 3916 323 3937 m

41 4040 44 4046 Δ
159 4003 216 4081 84)
238 4009 425 4071 lutroduotio
447 4013 517 4073 hist.
541 4011 607 4070 orii.
630 4009 661 4070 iu
683 4010 749 4069 Veis
772 4009 907 4068 Testem
931 4008 1003 4067 edit.
1026 4009 1064 4079 ll,
1089 4030 1118 4087 p.
1143 4009 1342 4076 lar-148.
1366 4039 1368 4044 ·

156 4103 212 4188 85)
228 4108 362 4171 Pobseos
379 4113 535 4199 Asiatioae
548 4111 754 4173 oommerrtarii
771 4108 999 4174 exddiobborsii
1021 4108 1095 4170 edit.
1116 4111 1343 4188 mdis—240.
