2904 4942
247 311 289 370 Dc
309 324 472 390 mpumto
494 295 671 392 dioaecicqm
684 319 832 392 cenabat
849 319 1009 414 ccrmipurr
1029 319 1222 381 Arabicarum.
1305 321 1347 383 ⁸³

91 477 230 553 „omniu
251 480 341 565 parvi
371 479 499 563 pandit3
536 480 675 543 interdiu
698 494 857 567 noctuque
878 482 1006 547 deserta
1028 467 1197 569 peragrat,
1231 485 1347 549 adrer-

116 584 240 662 sarium
263 600 465 680 quaeritansc
493 618 568 662 raro
589 618 722 663 somnos
743 604 863 685 carpit,
894 603 970 664 vino
993 600 1056 666 sibi
1079 604 1255 682 interdicit,
1280 606 1346 668 imo

117 717 355 780 atrocissimum
375 717 463 778 sitim
486 717 688 801 inediamque
707 715 837 795 tolerat,
861 717 1033 781 dummodo
1056 723 1121 783 voti
1143 723 1193 783 sui
1215 742 1346 805 compos

119 829 195 895 fiat:
231 831 312 896 Cum
326 834 463 918 denique
477 836 695 898 adversarium
711 849 875 899 assecutus
892 836 997 913 fucrit,
1022 835 1346 924 bastarngladiomva

104 967 214 1043 ,suurn
235 947 427 1046 largissima·
440 949 529 1016 illius
552 955 711 1036 sunguine
732 954 826 1036 rigat,
849 950 1109 1040 lautissimasqno
1126 953 1227 1040 lupis-5
1250 956 1348 1040 hyac

115 1067 171 1130 nia
192 1066 369 1155 avibusque
387 1070 559 1156 rapacibus
580 1065 698 1152 apulus
713 1070 813 1133 occisi
833 1070 995 1135 cadavera
1011 1087 1113 1156 parat.

637 1200 832 1335 c‘xnvu.

204 1386 371 1482 Secundus
392 1386 484 1453 locus
506 1395 746 1455 encomiasticia
769 1386 919 1453 tribuitur
940 1389 1157 1471 carminibus,
1185 1412 1268 1477 quaa
1288 1414 1346 1478 pro

116 1501 305 1589 diversitate
328 1527 434 1593 rernm
453 1504 509 1572 rel
532 1529 761 1593 personarum,
795 1528 876 1593 quaa
898 1505 1048 1572 laudibus
1072 1509 1270 1588 efferuntur,
1297 1512 1347 1575 di-

109 1625 205 1705 rarsl
222 1638 297 1687 sunt
313 1626 503 1710 argumenti.
547 1599 612 1688 l'el
628 1626 717 1701 enim
732 1627 873 1689 numinis
889 1626 989 1690 divini
1006 1630 1169 1710 majestas,
1192 1631 1352 1712 potentia,

116 1742 275 1825 sapientia
304 1715 398 1826 atque
428 1742 627 1829 benignitas,
669 1741 719 1824 pel
746 1734 854 1828 magni
882 1741 970 1808 illius
998 1744 1171 1830 prophetae
1195 1745 1346 1811 illabant-

116 1860 222 1925 trrcdt‘r
242 1864 457 1945 praestantia,
482 1859 535 1925 vel
558 1863 753 1947 principum,
777 1860 930 1938 heroum,
950 1858 1151 1946 aliorumque
1171 1863 1346 1947 insigniunt

120 1952 259 2050 virorum
291 1981 425 2043 virtutes
456 1978 670 2050 celebrantur.
729 1977 879 2043 Numinis
896 1980 1015 2043 divini
1047 1976 1346 2066 blobcmurcdicqua

116 2091 230 2159 laudes
254 2093 306 2157 val
330 2118 372 2160 ox
393 2099 559 2178 instituto,
596 2094 647 2158 vel
670 2099 767 2161 etiam
796 2095 883 2161 aliud
911 2074 1044 2182 ugentes
1067 2094 1210 2165 &chum
1231 2107 1345 2182 pob'tac

118 2214 320 2298 praedicant.
374 2213 486 2279 Solent
508 2220 594 2280 eninr
617 2219 651 2279 in
674 2213 882 2299 amplioribus
905 2197 1103 2285 carminibus
1117 2215 1207 2293 suis,
1238 2218 1345 2298 cnjus·

118 2351 253 2417 cunque,
262 2353 306 2394 aa
325 2335 392 2397 sint
413 2337 610 2420 argumenti,
640 2335 823 2417 priusquam
845 2333 887 2396 ad
908 2336 1011 2418 ipsius
1030 2335 1210 2418 argumenti
1231 2346 1345 2399 tracta·

117 2451 238 2512 tionem
251 2422 443 2531 transeant,
464 2466 584 2521 tantum
608 2472 671 2515 non
695 2471 821 2534 semper
838 2449 942 2515 Deum
960 2456 1143 2536 optimum„
1156 2455 1344 2532 maximum,

110 2554 423 2653 ejusquelegatum
452 2569 712 2641 Mohammedem
740 2567 891 2635 laudibus
920 2570 1047 2633 ell'erra.
1096 2567 1344 2650 Nequam-amen

119 2683 207 2749 hunc
225 2707 349 2765 ‚morem
374 2695 487 2772 potitae
510 2689 672 2772 proprium
695 2686 760 2750 sibi
784 2687 961 2761 vindicant3
991 2688 1135 2781 quinimo
1157 2698 1190 2748 at
1212 2688 1265 2771 qui
1287 2662 1342 2751 so·

103 2832 188 2899 lutri
211 2839 357 2900 oratione
379 2850 509 2900 utuntur
531 2851 699 2915 auctores,
719 2851 901 2903 constanter
923 2839 1089 2900 tritinsium
1112 2833 1169 2899 illo
1192 2801 1343 2912 (iuml,

120 2950 192 3017 laus
214 2957 256 3017 sit
277 2953 366 3032 Deo,
396 2956 572 3018 ordiuntur.
623 2952 711 3017 luter
732 2956 872 3018 numinis
895 2955 998 3017 divini
1021 2950 1133 3016 laudas
1157 2951 1239 3014 hanc
1267 2974 1344 3037 praa

119 3074 238 3136 ceteris
252 3065 431 3152 celebrant,
463 3074 547 3158 quod
563 3070 625 3135 Dei
644 3085 723 3138 nutu
743 3074 900 3137 immensa
923 3067 1001 3132 haee
1022 3089 1129 3140 rarum
1150 3044 1343 3135 universitas

120 3209 164 3254 ex
187 3189 475 3278 nihilo‘prooreata
496 3193 553 3267 sit,
576 3191 648 3272 ojus
670 3184 828 3254 beneficio
852 3187 1035 3283 homiuibus
1057 3190 1140 3251 ratio
1162 3189 1343 3271 contigerit,
1436 3232 1442 3243 ,

119 3310 204 3395 qni,
240 3307 324 3393 quod
347 3323 468 3372 rectum
490 3329 686 3394 pravumque
713 3312 772 3386 cit,
810 3309 991 3393 discernere
1021 3307 1163 3391 possint,
1201 3304 1242 3367 ab
1272 3308 1345 3388 ojus

121 3428 260 3513 danique
283 3425 472 3504 voluntate,
496 3417 536 3488 in
559 3441 723 3491 aeternnm
745 3425 841 3490 firmic
863 3427 1011 3511 ratique,
1043 3443 1249 3507 quaecunque
1270 3443 1345 3486 ava·
1441 3455 1444 3460 ·

119 3549 247 3625 norint,
270 3544 460 3621 sivcbona,
481 3546 550 3608 sira
571 3542 666 3622 mala,
690 3544 858 3627 pendeant.
900 3539 937 3605 ln
951 3539 1188 3604 Mutamus
1209 3543 1258 3605 sui
1279 3538 1348 3608 latt-

78 3672 83 3680 '
119 3666 219 3729 dibus
247 3664 435 3749 effusissinti
463 3676 538 3726 aunt
567 3660 719 3726 Arabum·
740 3670 873 3748 poctao,
905 3674 939 3724 nt
968 3657 1019 3723 vel
1046 3680 1088 3722 ex
1111 3678 1175 3721 uno
1196 3656 1254 3721 illo
1277 3657 1350 3723 Ate

123 3781 294 3847 Addebat
323 3779 503 3845 Busiridoc
532 3784 673 3846 carmine
708 3782 926 3866 panegyrico,
968 3781 1020 3841 cui
1053 3776 1187 3840 Borduh
1216 3798 1345 3852 nostran,

124 3912 269 3985 apparot.
289 3982 297 3991 .
319 3897 357 3962 ln
380 3897 442 3962 hoc
464 3902 622 3978 cannino,
651 3900 734 3985 qnod
759 3901 891 3963 maximi
913 3919 933 3961 a
953 3895 1190 3962 Mohurrrredc'r
1210 3883 1349 3957 sectato-

124 4019 456 4096 ribusacstimatur,
485 4038 622 4102 magnos
648 4015 705 4080 illc
731 4017 887 4105 propheta
908 4017 1180 4103 praestantissima
1203 4012 1346 4075 omnium

122 4102 442 4204 rarum-creatarum
463 4137 698 4221 nautor-isque
733 4133 884 4198 deliciae
902 4109 1044 4199 dicitur(
1082 4133 1172 4198 ldam
1205 4130 1347 4193 omniurn
1382 4123 1395 4160 ¹

241 4256 246 4263 .
1062 4258 1088 4316 6⁴
1100 4258 1114 4290 a
