2904 4942
361 321 404 379 De
423 325 533 401 eripiar
553 335 579 384 ct
597 329 691 390 cantic
706 330 820 403 pcb‘ecor
838 328 983 389 Arabicae.
1245 334 1288 393 49
1337 392 1340 400 ,

58 482 197 565 incolis,
221 487 350 571 cognita
370 489 516 572 quidem,
552 490 610 553 sed
633 492 689 554 vix
711 492 793 555 adeo
813 492 932 556 usitata
953 493 1055 556 luisse
1077 496 1217 577 videtur,
1246 507 1288 562 'nt
1351 564 1360 589 4

56 607 205 669 carmina
222 601 370 689 longiora
390 604 564 670 artificiosa
585 605 688 674 literis
702 610 809 673 aureis
823 608 921 692 bysso
942 612 1123 694 potuissent
1143 614 1289 680 inscribi.

57 724 127 788 Sed
148 725 177 787 si
200 722 354 787 concedas
377 725 492 804 etiam,
518 727 676 808 jamtum
700 728 854 812 temporis
876 729 957 791 adeo
980 731 1163 813 expeditum
1184 731 1286 797 fuisse
1334 776 1336 782 ·

58 840 222 905 scribendi
243 860 357 920 nsum,
394 855 430 906 nt
458 841 606 928 longiora
623 842 776 910 ‘carmina
807 844 904 928 bysso
936 849 1114 931 potuissent
1141 848 1287 929 inscribi,

56 954 152 1023 haud
168 964 276 1022 tamen
298 958 452 1024 credibile
473 976 543 1040 est,
567 965 675 1026 omnia
696 962 753 1027 illa
776 966 936 1042 carmine,
966 962 1083 1049 quibus
1105 962 1210 1049 palma
1232 969 1288 1031 ad-

54 1080 201 1162 judicata
223 1082 327 1157 esset,
360 1078 494 1144 Caedes
515 1080 640 1160 loribus
660 1080 759 1145 affixa
779 1082 890 1145 fuisse.
941 1080 1088 1168 Namque
1110 1087 1286 1149 carminum

59 1197 188 1262 illorum
222 1195 307 1260 baud
336 1198 474 1282 exiguus
503 1220 655 1263 numerus
685 1221 757 1263 esse
785 1199 912 1274 debuit;
950 1219 1031 1284 qnae
1060 1201 1089 1262 si
1119 1215 1232 1265 cuncta
1253 1204 1287 1266 in

63 1316 175 1381 Caedit
209 1336 367 1405 suspensa
399 1314 561 1394 fuissent,
602 1321 775 1381 sanctuarii
807 1315 894 1380 illius
926 1319 1063 1402 parietes
1092 1318 1287 1384 carminibus

58 1435 194 1518 perinde
215 1435 321 1496 ornati
342 1432 502 1510 luissent,
535 1454 572 1494 ac
595 1439 714 1500 nostris
739 1433 933 1519 temporibus
964 1436 1097 1498 divitum
1122 1434 1289 1501 conclavia

58 1553 175 1636 tapetis
204 1552 316 1641 vaccini
347 1548 475 1628 solent,
510 1551 595 1636 quod
624 1556 753 1637 quidem
785 1552 871 1616 band
899 1550 995 1617 facila
1024 1555 1193 1638 quisquam
1224 1554 1287 1619 sibi

58 1667 275 1754 persuadebit.
318 1668 467 1755 Denique
482 1671 510 1732 si
527 1671 671 1732 carmina
690 1667 748 1733 illa
770 1671 859 1732 tantis
882 1673 959 1733 curri
981 1667 1085 1734 literis
1100 1673 1288 1756 consignata

59 1798 91 1847 et
113 1775 319 1851 acrosancta
341 1784 399 1851 illo
422 1786 494 1852 loco
516 1787 684 1850 adservata
703 1785 860 1864 luissent,
894 1789 949 1871 qui
974 1787 1093 1849 lactum
1116 1803 1183 1866 est,
1212 1803 1287 1853 nte
1321 1763 1325 1772 ⁸

59 1901 173 1967 multis·
190 1918 308 1988 septem
333 1920 454 1970 tantum
478 1906 518 1969 ad
540 1920 651 1970 nostra
677 1905 900 1989 superaverint
924 1903 1088 1988 temporat
1128 1903 1287 1970 Probabi-

57 2018 173 2084 liorem
196 2018 335 2085 nominis
358 2021 544 2088 Moullabnt
566 2026 723 2087 rationem
745 2023 850 2085 reddit
876 2018 986 2096 locus,
1018 2043 1113 2106 quem
1135 2044 1156 2085 e
1176 2025 1285 2088 codice

42 2138 300 2225 ‘Moallnlarauc
322 2137 472 2229 Gotbano
494 2142 691 2225 deprqrntum
713 2138 862 2203 exhibuit
876 2139 1093 2225 Koregartcn
1114 2145 1148 2204 in
1166 2143 1289 2207 Aecae

58 2256 121 2321 dere
141 2257 301 2323 Kelrtun
322 2260 480 2336 editione,
504 2281 535 2343 p.
553 2264 613 2337 66,
642 2261 735 2341 cujus
759 2257 859 2320 verba
880 2279 921 2322 ex
945 2257 1193 2343 Koregarterrc'e‘
1211 2260 1286 2321 cer·¹

57 2377 150 2438 sione
172 2378 206 2439 iu
231 2376 316 2441 hunc
340 2377 471 2441 modum
500 2379 649 2440 audiunt:
687 2375 833 2456 „Dictae
858 2390 965 2439 etitem
988 2389 1064 2440 sunt
1083 2375 1286 2455 Muullakae,

55 2494 78 2555 i.
98 2514 130 2556 e.
151 2512 347 2578 carpentar,
376 2496 470 2578 quia,
495 2496 747 2579 quotiescunque
769 2492 948 2558 recitabant
969 2515 1097 2557 carmen
1117 2496 1151 2556 in
1174 2513 1286 2557 eorum

56 2611 282 2690 consessibus,
306 2612 456 2676 dicebant
472 2614 631 2676 seniores:
654 2612 844 2696 suspendite
865 2613 903 2677 id
908 2639 920 2695 ,·
941 2625 976 2675 ut
990 2609 1212 2696 significarent
1224 2609 1287 2679 boc

57 2750 196 2795 esse-ex
216 2732 276 2809 iis,
306 2751 388 2814 quaa
408 2732 536 2813 jurarat
556 2752 698 2795 securare.
752 2729 847 2806 Quod
871 2752 947 2795 vero
970 2731 1139 2804 dixerunt,
1171 2747 1286 2811 nempe

55 2868 96 2910 ea
116 2822 272 2932 suspense
286 2847 395 2913 ‘fnisse
417 2850 450 2913 in
477 2846 608 2926 Caela,
637 2844 699 2912 hoc
720 2850 929 2913 fundamento
953 2859 1058 2925 caret,
1084 2847 1167 2911 sicut
1189 2844 1286 2908 tradit

56 2965 134 3030 Eoo
155 2965 375 3033 Enaaclur.“
426 2967 534 3044 Quare
557 2968 675 3031 rectius
695 2979 834 3047 statuas,
866 2979 1115 3054 cognomentum
1137 2961 1285 3026 Muelle-

55 3085 115 3148 but
131 3085 325 3152 carminibus
340 3085 404 3153 illis
421 3109 492 3152 eam
511 3101 637 3173 propter
652 3108 781 3153 cansam
799 3089 954 3166 inditum,
977 3085 1059 3172 qnod
1076 3104 1152 3168 prae
1170 3082 1286 3146 ceteris
1410 3141 1413 3147 .

55 3204 156 3291 digna
183 3205 386 3285 viderentur,
424 3227 504 3290 qnae
526 3207 565 3271 ad
596 3219 740 3292 posteros
760 3206 1015 3269 adservaremur.
1066 3200 1162 3266 Haud
1190 3199 1301 3263 dissi-·

55 3319 145 3386 milis
164 3310 197 3386 et
217 3320 348 3389 alterius
370 3323 458 3389 illius
481 3326 703 3410 cognomenti,
726 3345 788 3410 quo
805 3326 946 3387 carmina
961 3321 1041 3385 haec
1057 3320 1284 3403 insigniuntur,

56 3441 142 3503 ratio
170 3440 274 3506 luisse
299 3445 437 3508 videtur.
488 3439 562 3506 Non
585 3441 671 3527 quod
692 3440 794 3505 literis
818 3442 926 3504 aureis
955 3437 1050 3521 bysso
1078 3436 1130 3502 vel
1156 3436 1286 3501 sindoni

56 3550 313 3623 inscriberentur
328 3556 572 3630 Modrublubai
594 3559 809 3634 dictalnere3
834 3560 891 3623 sed
906 3558 990 3644 quod
1011 3555 1286 3642 praestantissima
1336 3586 1338 3591 ·

55 3685 196 3761 poeseos
224 3679 373 3762 antiquae
402 3681 599 3743 monimenta
622 3681 692 3742 visa
719 3678 801 3756 sint,
837 3698 1008 3741 aureorum
1038 3685 1285 3760 cognomentum

56 3807 268 3880 acceperunt:
300 3796 567 3882 quemadmodum
589 3809 623 3863 et
644 3799 822 3861 sententiae
844 3792 937 3872 illae,
967 3814 1048 3881 quae
1069 3788 1286 3877 Pythagorae
1345 3879 1348 3884 Ι

55 3915 189 3979 nomine
211 3915 497 3997 circumferuntur,
519 3914 617 3981 simili
638 3919 763 3980 ratione
782 3913 898 4001 χρύσεα
915 3912 989 3997 ἔπη,
1011 3931 1109 3975 aurea
1131 3909 1285 3982 carmina,

54 4028 219 4118 adpellata
232 4032 333 4099 luere.
356 4034 421 4100 Sed
436 4055 642 4122 quaecunque
654 4035 781 4099 tandem
797 4036 961 4118 utriusque
980 4028 1067 4095 illius
1081 4023 1287 4114 cognomenti

53 4170 155 4216 caasa
169 4151 304 4235 ¹luerit,
344 4154 383 4217 id·
414 4165 500 4218 certe
528 4132 674 4231 constet,
715 4155 842 4238 poetica
871 4149 928 4214 illa
955 4151 1160 4226 certamina,
1204 4160 1285 4228 qnae

1004 4275 1026 4330 4
