2904 4942
340 320 380 376 lle
401 320 691 381 chremsmunster
713 317 896 379 mmmmm
917 320 1022 394 (onnt.
1230 319 1288 381 261

612 483 718 586 m[still
743 483 878 586 Uul-§ss

623 636 736 740 oe
761 644 869 730 ψ»

631 781 770 890 ὠὰϋῦ
797 791 868 888 le„

354 933 567 1003 Ahdulmusih

356 1052 477 1118 Vectus
508 1055 631 1120 camelo
660 1053 774 1142 glabro

355 1168 455 1238 Venit
477 1174 518 1237 ad
540 1172 709 1257 Satihum,

355 1288 437 1356 Cum
458 1293 487 1356 is
511 1295 693 1378 pervenerit
714 1293 755 1358 ad
776 1292 969 1380 sepulcrum.

353 1406 446 1473 Misit
468 1422 500 1473 te
522 1433 580 1476 rex
603 1411 835 1477 Sasauidarum

354 1525 487 1611 Propter
509 1532 753 1594 concussionem
774 1526 905 1616 palatii,

352 1642 396 1707 Et
417 1647 663 1712 exstinctionem
686 1648 771 1734 ignis
797 1646 908 1733 (sacri)
933 1658 937 1665 “

352 1760 396 1826 Et
417 1765 573 1829 visionem
595 1762 771 1832 Muhedani
793 1778 853 1830 etc.
875 1763 957 1847 ¹¹⁹).

60 1914 231 2001 Postquam
253 1914 375 1992 serius,
402 1917 533 1981 inventri
552 1930 585 1982 ot
607 1915 735 1983 exculti
759 1918 892 1982 metrici
913 1928 999 1994 arte,
1023 1934 1134 1979 versus
1156 1913 1283 2000 longio-

59 2056 112 2099 res
133 2022 175 2097 ad
198 2004 276 2096 artis
296 2029 383 2097 illius
404 2031 495 2120 leges
517 2052 801 2122 componerentur,
824 2033 1006 2121 singulique
1029 2054 1140 2098 versus
1161 2035 1195 2097 iu
1219 2010 1289 2098 duo*

58 2150 262 2216 hemistichia
283 2150 565 2232 distribuerentur,
590 2154 675 2218 haud
699 2157 913 2219 necessarium
935 2154 1037 2217 visum
1056 2152 1133 2229 fuit,
1156 2150 1282 2234 utrique

58 2269 262 2335 hemistichic
286 2267 468 2353 rhythmum
490 2270 622 2338 fiuulem
640 2275 732 2348 addi3
756 2277 859 2338 rarius
879 2275 974 2359 igitur
990 2271 1108 2335 exinde
1127 2268 1161 2332 in
1179 2266 1281 2351 priori

57 2386 282 2464 hemistichiu,
305 2401 488 2453 coneteuter
509 2412 587 2455 vero
609 2393 643 2453 in
666 2393 835 2476 posteriori
856 2390 1019 2455 adhibitus
1040 2389 1112 2452 fuit.
1154 2383 1280 2447 Recen-

57 2508 157 2570 tiores
184 2519 291 2570 tameo
315 2515 449 2590 poetes,
478 2509 572 2573 sicuti
600 2510 636 2572 in
666 2524 860 2590 metrorum,
887 2511 935 2572 sic
957 2510 1053 2570 etium
1082 2508 1117 2568 iu
1138 2501 1289 2585 rhythmi»

56 2621 167 2688 finalis
188 2646 247 2689 usu
270 2623 355 2688 haud
377 2645 451 2688 raro
473 2639 652 2690 aveterum
669 2626 900 2693 consuetudine
919 2635 1129 2689 recesserunt.
1166 2619 1279 2706 Neque

58 2745 164 2820 euim,
192 2744 278 2828 quod
306 2758 433 2808 veteres
460 2742 582 2826 solent,
618 2747 675 2810 aui
703 2759 825 2810 tautum
854 2742 1006 2827 rhythmo
1035 2762 1092 2826 per
1118 2744 1278 2825 integrum

57 2880 185 2926 carmen
200 2859 386 2941 inhaerent;
408 2881 510 2947 oeque
525 2865 559 2926 in
575 2866 743 2947 posteriori
758 2865 915 2927 duntaxat
927 2857 1144 2937 hemistichio,
1166 2877 1278 2920 verum

57 2981 186 3062 saepius
214 2981 311 3043 etiam
336 2982 370 3043 iu
401 2982 499 3063 priori
526 2979 710 3063 rhythmum
738 2980 869 3045 finalem
902 2979 1065 3045 adhihent.
1124 2976 1280 3039 Dividunt

57 3117 171 3182 nempe
200 3101 343 3162 carmina
369 3119 428 3162 sau
453 3096 537 3161 haud
565 3120 639 3163 suro
667 3102 700 3163 in
728 3082 898 3185 strophas,
925 3113 1078 3185 quatuor,
1107 3090 1160 3156 vel
1187 3090 1280 3176 plura

57 3215 154 3278 etiam
184 3213 401 3294 hemistichia,
431 3237 512 3301 quae
543 3219 650 3281 omnis
678 3219 711 3280 iu
739 3219 876 3283 eundem
906 3219 1055 3281 desinunt
1083 3210 1277 3294 rhythmum,

58 3334 269 3398 continentes.
313 3333 467 3420 Singulae
489 3339 640 3422 strophae
667 3334 860 3422 peculiarem
882 3334 1066 3418 rhythmum
1088 3332 1277 3407 referentes,

58 3449 195 3536 singulis
217 3453 454 3540 distinguuntur
474 3453 702 3533 hemistichiis,
733 3453 847 3541 quihus
876 3456 1035 3538 integrum
1063 3472 1119 3536 per
1149 3469 1276 3512 carmen

59 3592 141 3634 unus
164 3572 313 3657 idemque
333 3572 513 3657 rhythmus.
555 3571 717 3637 Interdum
747 3572 899 3657 strophae
919 3565 1003 3635 ⁸illae
1032 3570 1194 3656 geminum
1227 3587 1279 3628 re-

106 3863 181 3943 119)
203 3856 353 3926 nbutfet's
371 3865 484 3929 duriti
499 3873 530 3927 et
541 3868 628 3928 rehus
642 3862 974 3949 gestislldnhommedis,
989 3883 1028 3923 ex
1043 3862 1116 3922 edit.
1132 3858 1279 3940 Gegnieri

146 3989 174 4046 p.
192 3967 222 4026 4.
247 4004 283 4012 —
310 3967 377 4027 litei
394 3986 513 4028 carmen
536 3971 688 4029 laudatum
710 3988 895 4049 nequaquem
919 3964 1134 4046 antiquissimis
1152 3967 1277 4041 poeseos

147 4069 294 4129 Archicee
315 4071 527 4149 speciminibus
555 4071 771 4130 accensendum
793 4070 850 4141 sit,
880 4078 976 4128 tumen
1008 4065 1279 4146 antiquissimorum

147 4171 264 4231 illorum
278 4172 439 4233 carminum
459 4171 582 4234 lormum
599 4190 670 4250 proc
690 4190 725 4231 ae
743 4170 824 4230 ferre
839 4170 965 4232 videtur.
