<?xml version="1.0" encoding="UTF-8"?>
<!DOCTYPE html PUBLIC "-//W3C//DTD XHTML 1.0 Transitional//EN"
    "http://www.w3.org/TR/xhtml1/DTD/xhtml1-transitional.dtd">
<html xmlns="http://www.w3.org/1999/xhtml" xml:lang="en" lang="en">
 <head>
  <title>
</title>
<meta http-equiv="Content-Type" content="text/html;charset=utf-8" />
  <meta name='ocr-system' content='tesseract 3.04.00' />
  <meta name='ocr-capabilities' content='ocr_page ocr_carea ocr_par ocr_line ocrx_word'/>
</head>
<body>
  <div class='ocr_page' id='page_1' title='image "./joannisgeorgiiw00wenrgoog_0134.png"; bbox 0 0 2904 4942; ppageno 0'>
   <div class='ocr_carea' id='block_1_1' title="bbox 460 310 1406 398">
    <p class='ocr_par' dir='ltr' id='par_1_1' title="bbox 460 310 1406 398">
     <span class='ocr_line' id='line_1_1' title="bbox 460 310 1406 398; baseline 0.014 -15"><span class='ocrx_word' id='word_1_1' title='bbox 460 327 501 385; x_wconf 82' lang='lat' dir='ltr'><strong>De</strong></span> <span class='ocrx_word' id='word_1_2' title='bbox 521 329 590 398; x_wconf 71' lang='lat' dir='ltr'><strong>stato</strong></span> <span class='ocrx_word' id='word_1_3' title='bbox 619 330 775 386; x_wconf 75' lang='lat' dir='ltr'><strong>torminum</strong></span> <span class='ocrx_word' id='word_1_4' title='bbox 796 331 1008 389; x_wconf 48' lang='lat' dir='ltr'><strong>Horreorum</strong></span> <span class='ocrx_word' id='word_1_5' title='bbox 1286 335 1347 397; x_wconf 65' lang='lat' dir='ltr'><strong>liv</strong></span> <span class='ocrx_word' id='word_1_6' title='bbox 1402 310 1406 319; x_wconf 30' lang='grc' dir='ltr'><em>Ι</em></span> 
     </span>
    </p>
   </div>
   <div class='ocr_carea' id='block_1_2' title="bbox 109 481 1424 4102">
    <p class='ocr_par' dir='ltr' id='par_1_2' title="bbox 110 481 1424 3408">
     <span class='ocr_line' id='line_1_2' title="bbox 120 481 1424 580; baseline 0.011 -33"><span class='ocrx_word' id='word_1_7' title='bbox 120 481 251 547; x_wconf 81' lang='lat' dir='ltr'><strong>braiose</strong></span> <span class='ocrx_word' id='word_1_8' title='bbox 282 489 471 573; x_wconf 72' lang='lat' dir='ltr'><strong>praeprimis</strong></span> <span class='ocrx_word' id='word_1_9' title='bbox 501 490 704 575; x_wconf 75' lang='lat' dir='ltr'><strong>patefaciat„</strong></span> <span class='ocrx_word' id='word_1_10' title='bbox 723 491 853 558; x_wconf 89' lang='lat' dir='ltr'><strong>uberius</strong></span> <span class='ocrx_word' id='word_1_11' title='bbox 883 494 985 558; x_wconf 80' lang='lat' dir='ltr'><strong>uobis¹</strong></span> <span class='ocrx_word' id='word_1_12' title='bbox 1005 497 1242 580; x_wconf 81' lang='lat' dir='ltr'><strong>exponendum.</strong></span> <span class='ocrx_word' id='word_1_13' title='bbox 1295 496 1346 562; x_wconf 87' lang='lat' dir='ltr'><strong>Ac</strong></span> <span class='ocrx_word' id='word_1_14' title='bbox 1419 486 1424 491; x_wconf 59' lang='grc'><strong>’</strong></span> 
     </span>
     <span class='ocr_line' id='line_1_3' title="bbox 120 603 1346 700; baseline 0.011 -36"><span class='ocrx_word' id='word_1_15' title='bbox 120 604 224 686; x_wconf 90' lang='lat' dir='ltr'><strong>primo</strong></span> <span class='ocrx_word' id='word_1_16' title='bbox 247 603 374 690; x_wconf 91' lang='lat' dir='ltr'><strong>quidem</strong></span> <span class='ocrx_word' id='word_1_17' title='bbox 397 607 437 671; x_wconf 92' lang='lat' dir='ltr'><strong>de</strong></span> <span class='ocrx_word' id='word_1_18' title='bbox 459 605 600 672; x_wconf 83' lang='lat' dir='ltr'><strong>lontibus</strong></span> <span class='ocrx_word' id='word_1_19' title='bbox 622 631 773 695; x_wconf 86' lang='lat' dir='ltr'><strong>agemus,</strong></span> <span class='ocrx_word' id='word_1_20' title='bbox 806 611 962 698; x_wconf 77' lang='lat' dir='ltr'><strong>equibus</strong></span> <span class='ocrx_word' id='word_1_21' title='bbox 983 613 1208 680; x_wconf 83' lang='lat' dir='ltr'><strong>Hebraeorum</strong></span> <span class='ocrx_word' id='word_1_22' title='bbox 1231 623 1346 700; x_wconf 74' lang='lat' dir='ltr'><strong>potitae</strong></span> 
     </span>
     <span class='ocr_line' id='line_1_4' title="bbox 119 719 1343 817; baseline 0.012 -34"><span class='ocrx_word' id='word_1_23' title='bbox 119 723 290 785; x_wconf 66' lang='lat' dir='ltr'><strong>orationis*</strong></span> <span class='ocrx_word' id='word_1_24' title='bbox 306 719 427 808; x_wconf 87' lang='lat' dir='ltr'><strong>figuras</strong></span> <span class='ocrx_word' id='word_1_25' title='bbox 451 725 598 791; x_wconf 81' lang='lat' dir='ltr'><strong>derivare</strong></span> <span class='ocrx_word' id='word_1_26' title='bbox 619 727 743 806; x_wconf 83' lang='lat' dir='ltr'><strong>soleut3</strong></span> <span class='ocrx_word' id='word_1_27' title='bbox 772 729 889 793; x_wconf 83' lang='lat' dir='ltr'><strong>deiude</strong></span> <span class='ocrx_word' id='word_1_28' title='bbox 916 732 1005 815; x_wconf 84' lang='lat' dir='ltr'><strong>ipsas</strong></span> <span class='ocrx_word' id='word_1_29' title='bbox 1033 736 1187 797; x_wconf 89' lang='lat' dir='ltr'><strong>orationis</strong></span> <span class='ocrx_word' id='word_1_30' title='bbox 1208 730 1343 817; x_wconf 87' lang='lat' dir='ltr'><strong>figuras,</strong></span> 
     </span>
     <span class='ocr_line' id='line_1_5' title="bbox 118 840 1343 928; baseline 0.008 -25"><span class='ocrx_word' id='word_1_31' title='bbox 118 862 201 927; x_wconf 87' lang='lat' dir='ltr'><strong>qnae</strong></span> <span class='ocrx_word' id='word_1_32' title='bbox 230 845 264 904; x_wconf 88' lang='lat' dir='ltr'><strong>iu</strong></span> <span class='ocrx_word' id='word_1_33' title='bbox 290 840 486 907; x_wconf 86' lang='lat' dir='ltr'><strong>carminibus</strong></span> <span class='ocrx_word' id='word_1_34' title='bbox 507 842 679 909; x_wconf 77' lang='lat' dir='ltr'><strong>Hebraicis</strong></span> <span class='ocrx_word' id='word_1_35' title='bbox 710 847 851 909; x_wconf 86' lang='lat' dir='ltr'><strong>maxime</strong></span> <span class='ocrx_word' id='word_1_36' title='bbox 881 845 1009 910; x_wconf 84' lang='lat' dir='ltr'><strong>obviam</strong></span> <span class='ocrx_word' id='word_1_37' title='bbox 1037 859 1130 928; x_wconf 88' lang='lat' dir='ltr'><strong>sunt,</strong></span> <span class='ocrx_word' id='word_1_38' title='bbox 1159 851 1343 914; x_wconf 86' lang='lat' dir='ltr'><strong>considera·</strong></span> 
     </span>
     <span class='ocr_line' id='line_1_6' title="bbox 117 958 1343 1050; baseline 0.007 -25"><span class='ocrx_word' id='word_1_39' title='bbox 117 959 237 1025; x_wconf 87' lang='lat' dir='ltr'><strong>bimus.</strong></span> <span class='ocrx_word' id='word_1_40' title='bbox 278 958 472 1025; x_wconf 82' lang='lat' dir='ltr'><strong>Universum</strong></span> <span class='ocrx_word' id='word_1_41' title='bbox 492 982 599 1028; x_wconf 88' lang='lat' dir='ltr'><strong>rerum</strong></span> <span class='ocrx_word' id='word_1_42' title='bbox 621 977 768 1027; x_wconf 86' lang='lat' dir='ltr'><strong>naturam</strong></span> <span class='ocrx_word' id='word_1_43' title='bbox 784 968 1001 1050; x_wconf 81' lang='lat' dir='ltr'><strong>cognitionum</strong></span> <span class='ocrx_word' id='word_1_44' title='bbox 1015 965 1226 1032; x_wconf 81' lang='lat' dir='ltr'><strong>humanarum</strong></span> <span class='ocrx_word' id='word_1_45' title='bbox 1247 968 1343 1034; x_wconf 89' lang='lat' dir='ltr'><strong>uber·</strong></span> 
     </span>
     <span class='ocr_line' id='line_1_7' title="bbox 114 1078 1340 1171; baseline 0.006 -28"><span class='ocrx_word' id='word_1_46' title='bbox 114 1082 231 1143; x_wconf 87' lang='lat' dir='ltr'><strong>rimam</strong></span> <span class='ocrx_word' id='word_1_47' title='bbox 249 1099 320 1142; x_wconf 88' lang='lat' dir='ltr'><strong>esse</strong></span> <span class='ocrx_word' id='word_1_48' title='bbox 333 1078 467 1158; x_wconf 79' lang='lat' dir='ltr'><strong>iontem,</strong></span> <span class='ocrx_word' id='word_1_49' title='bbox 489 1101 583 1143; x_wconf 90' lang='lat' dir='ltr'><strong>neruo</strong></span> <span class='ocrx_word' id='word_1_50' title='bbox 603 1094 670 1160; x_wconf 85' lang='lat' dir='ltr'><strong>ert,</strong></span> <span class='ocrx_word' id='word_1_51' title='bbox 693 1085 747 1165; x_wconf 93' lang='lat' dir='ltr'><strong>qui</strong></span> <span class='ocrx_word' id='word_1_52' title='bbox 762 1096 815 1146; x_wconf 89' lang='lat' dir='ltr'><strong>eat</strong></span> <span class='ocrx_word' id='word_1_53' title='bbox 829 1082 961 1147; x_wconf 82' lang='lat' dir='ltr'><strong>infitias.</strong></span> <span class='ocrx_word' id='word_1_54' title='bbox 994 1083 1135 1148; x_wconf 84' lang='lat' dir='ltr'><strong>Proinde</strong></span> <span class='ocrx_word' id='word_1_55' title='bbox 1150 1085 1237 1150; x_wconf 90' lang='lat' dir='ltr'><strong>baud</strong></span> <span class='ocrx_word' id='word_1_56' title='bbox 1252 1089 1340 1171; x_wconf 84' lang='lat' dir='ltr'><strong>quis-</strong></span> 
     </span>
     <span class='ocr_line' id='line_1_8' title="bbox 119 1197 1339 1288; baseline 0.002 -27"><span class='ocrx_word' id='word_1_57' title='bbox 119 1220 212 1284; x_wconf 87' lang='lat' dir='ltr'><strong>quam</strong></span> <span class='ocrx_word' id='word_1_58' title='bbox 234 1197 419 1275; x_wconf 88' lang='lat' dir='ltr'><strong>mirabitur,</strong></span> <span class='ocrx_word' id='word_1_59' title='bbox 442 1210 475 1261; x_wconf 92' lang='lat' dir='ltr'><strong>et</strong></span> <span class='ocrx_word' id='word_1_60' title='bbox 497 1206 610 1281; x_wconf 67' lang='lat' dir='ltr'><strong>poetas</strong></span> <span class='ocrx_word' id='word_1_61' title='bbox 634 1201 810 1285; x_wconf 74' lang='lat' dir='ltr'><strong>imagines,</strong></span> <span class='ocrx_word' id='word_1_62' title='bbox 834 1201 949 1288; x_wconf 90' lang='lat' dir='ltr'><strong>quibus</strong></span> <span class='ocrx_word' id='word_1_63' title='bbox 964 1202 1005 1265; x_wconf 88' lang='lat' dir='ltr'><strong>ad</strong></span> <span class='ocrx_word' id='word_1_64' title='bbox 1024 1200 1229 1267; x_wconf 86' lang='lat' dir='ltr'><strong>illustrandas</strong></span> <span class='ocrx_word' id='word_1_65' title='bbox 1244 1216 1339 1286; x_wconf 88' lang='lat' dir='ltr'><strong>atque</strong></span> 
     </span>
     <span class='ocr_line' id='line_1_9' title="bbox 114 1303 1394 1405; baseline 0.001 -22"><span class='ocrx_word' id='word_1_66' title='bbox 114 1316 319 1383; x_wconf 87' lang='lat' dir='ltr'><strong>exornandas</strong></span> <span class='ocrx_word' id='word_1_67' title='bbox 341 1319 551 1401; x_wconf 89' lang='lat' dir='ltr'><strong>cogitationes</strong></span> <span class='ocrx_word' id='word_1_68' title='bbox 572 1338 648 1381; x_wconf 82' lang='lat' dir='ltr'><strong>suas</strong></span> <span class='ocrx_word' id='word_1_69' title='bbox 673 1331 823 1398; x_wconf 88' lang='lat' dir='ltr'><strong>utuntur,</strong></span> <span class='ocrx_word' id='word_1_70' title='bbox 845 1320 1017 1384; x_wconf 87' lang='lat' dir='ltr'><strong>maximam</strong></span> <span class='ocrx_word' id='word_1_71' title='bbox 1042 1335 1164 1405; x_wconf 88' lang='lat' dir='ltr'><strong>partem</strong></span> <span class='ocrx_word' id='word_1_72' title='bbox 1181 1303 1208 1383; x_wconf 71' lang='lat' dir='ltr'><strong>¹c</strong></span> <span class='ocrx_word' id='word_1_73' title='bbox 1231 1341 1338 1384; x_wconf 88' lang='lat' dir='ltr'><strong>rerum</strong></span> <span class='ocrx_word' id='word_1_74' title='bbox 1391 1337 1394 1341; x_wconf 77' lang='grc'><em>“</em></span> 
     </span>
     <span class='ocr_line' id='line_1_10' title="bbox 115 1433 1337 1524; baseline 0.001 -24"><span class='ocrx_word' id='word_1_75' title='bbox 115 1439 231 1500; x_wconf 69' lang='lat' dir='ltr'><strong>naturai</strong></span> <span class='ocrx_word' id='word_1_76' title='bbox 254 1448 371 1520; x_wconf 89' lang='lat' dir='ltr'><strong>petere.</strong></span> <span class='ocrx_word' id='word_1_77' title='bbox 415 1433 451 1498; x_wconf 95' lang='lat' dir='ltr'><strong>ld</strong></span> <span class='ocrx_word' id='word_1_78' title='bbox 473 1433 696 1499; x_wconf 83' lang='lat' dir='ltr'><strong>Hebraeorum</strong></span> <span class='ocrx_word' id='word_1_79' title='bbox 724 1458 851 1522; x_wconf 91' lang='lat' dir='ltr'><strong>quoque</strong></span> <span class='ocrx_word' id='word_1_80' title='bbox 883 1445 998 1523; x_wconf 82' lang='lat' dir='ltr'><strong>poe&#39;tae</strong></span> <span class='ocrx_word' id='word_1_81' title='bbox 1026 1459 1065 1501; x_wconf 91' lang='lat' dir='ltr'><strong>eo</strong></span> <span class='ocrx_word' id='word_1_82' title='bbox 1094 1441 1196 1524; x_wconf 85' lang='lat' dir='ltr'><strong>magis</strong></span> <span class='ocrx_word' id='word_1_83' title='bbox 1215 1437 1337 1517; x_wconf 85' lang='lat' dir='ltr'><strong>iecere,</strong></span> 
     </span>
     <span class='ocr_line' id='line_1_11' title="bbox 115 1553 1336 1660; baseline -0.001 -40"><span class='ocrx_word' id='word_1_84' title='bbox 115 1578 180 1642; x_wconf 91' lang='lat' dir='ltr'><strong>quo</strong></span> <span class='ocrx_word' id='word_1_85' title='bbox 202 1556 304 1638; x_wconf 86' lang='lat' dir='ltr'><strong>magis</strong></span> <span class='ocrx_word' id='word_1_86' title='bbox 323 1555 392 1636; x_wconf 80' lang='lat' dir='ltr'><strong>jem</strong></span> <span class='ocrx_word' id='word_1_87' title='bbox 415 1554 487 1638; x_wconf 75' lang='lat' dir='ltr'><strong>ipsa</strong></span> <span class='ocrx_word' id='word_1_88' title='bbox 509 1553 637 1616; x_wconf 80' lang='lat' dir='ltr'><strong>vivendi</strong></span> <span class='ocrx_word' id='word_1_89' title='bbox 661 1555 786 1617; x_wconf 87' lang='lat' dir='ltr'><strong>ratione</strong></span> <span class='ocrx_word' id='word_1_90' title='bbox 807 1575 882 1660; x_wconf 76' lang='lat' dir='ltr'><strong>cum</strong></span> <span class='ocrx_word' id='word_1_91' title='bbox 902 1558 1017 1621; x_wconf 72' lang='lat' dir='ltr'><strong>natura</strong></span> <span class='ocrx_word' id='word_1_92' title='bbox 1032 1557 1195 1639; x_wconf 86' lang='lat' dir='ltr'><strong>conjuncti</strong></span> <span class='ocrx_word' id='word_1_93' title='bbox 1218 1568 1336 1619; x_wconf 83' lang='lat' dir='ltr'><strong>essent.</strong></span> 
     </span>
     <span class='ocr_line' id='line_1_12' title="bbox 114 1658 1421 1758; baseline -0.003 -19"><span class='ocrx_word' id='word_1_94' title='bbox 114 1658 256 1743; x_wconf 79' lang='lat' dir='ltr'><strong>Possunt</strong></span> <span class='ocrx_word' id='word_1_95' title='bbox 274 1684 398 1748; x_wconf 83' lang='lat' dir='ltr'><strong>autem,</strong></span> <span class='ocrx_word' id='word_1_96' title='bbox 412 1691 502 1755; x_wconf 88' lang='lat' dir='ltr'><strong>-quae</strong></span> <span class='ocrx_word' id='word_1_97' title='bbox 517 1692 537 1733; x_wconf 91' lang='lat' dir='ltr'><strong>a</strong></span> <span class='ocrx_word' id='word_1_98' title='bbox 550 1664 653 1737; x_wconf 62' lang='lat' dir='ltr'><strong>&#39;rebus</strong></span> <span class='ocrx_word' id='word_1_99' title='bbox 671 1669 871 1736; x_wconf 88' lang='lat' dir='ltr'><strong>naturalibus</strong></span> <span class='ocrx_word' id='word_1_100' title='bbox 886 1673 1070 1738; x_wconf 86' lang='lat' dir='ltr'><strong>derivantur</strong></span> <span class='ocrx_word' id='word_1_101' title='bbox 1087 1677 1262 1758; x_wconf 76' lang='lat' dir='ltr'><strong>imagines,</strong></span> <span class='ocrx_word' id='word_1_102' title='bbox 1284 1669 1337 1735; x_wconf 85' lang='lat' dir='ltr'><strong>rel</strong></span> <span class='ocrx_word' id='word_1_103' title='bbox 1418 1676 1421 1680; x_wconf 81' lang='grc'><strong>’</strong></span> 
     </span>
     <span class='ocr_line' id='line_1_13' title="bbox 115 1787 1336 1874; baseline -0.004 -16"><span class='ocrx_word' id='word_1_104' title='bbox 115 1813 258 1858; x_wconf 90' lang='lat' dir='ltr'><strong>ererum</strong></span> <span class='ocrx_word' id='word_1_105' title='bbox 278 1790 391 1852; x_wconf 75' lang='lat' dir='ltr'><strong>natura</strong></span> <span class='ocrx_word' id='word_1_106' title='bbox 406 1790 440 1852; x_wconf 91' lang='lat' dir='ltr'><strong>in</strong></span> <span class='ocrx_word' id='word_1_107' title='bbox 457 1791 659 1865; x_wconf 89' lang='lat' dir='ltr'><strong>uuiversum,</strong></span> <span class='ocrx_word' id='word_1_108' title='bbox 682 1787 733 1851; x_wconf 87' lang='lat' dir='ltr'><strong>vel</strong></span> <span class='ocrx_word' id='word_1_109' title='bbox 754 1810 795 1852; x_wconf 83' lang='lat' dir='ltr'><strong>ex</strong></span> <span class='ocrx_word' id='word_1_110' title='bbox 816 1788 989 1874; x_wconf 88' lang='lat' dir='ltr'><strong>singularis</strong></span> <span class='ocrx_word' id='word_1_111' title='bbox 1009 1792 1173 1873; x_wconf 85' lang='lat' dir='ltr'><strong>cujusdam</strong></span> <span class='ocrx_word' id='word_1_112' title='bbox 1194 1790 1336 1874; x_wconf 81' lang='lat' dir='ltr'><strong>regionis</strong></span> 
     </span>
     <span class='ocr_line' id='line_1_14' title="bbox 115 1905 1335 1994; baseline -0.006 -16"><span class='ocrx_word' id='word_1_113' title='bbox 115 1911 222 1978; x_wconf 86' lang='lat' dir='ltr'><strong>locive</strong></span> <span class='ocrx_word' id='word_1_114' title='bbox 248 1907 363 1971; x_wconf 79' lang='lat' dir='ltr'><strong>natur-t</strong></span> <span class='ocrx_word' id='word_1_115' title='bbox 383 1906 493 1990; x_wconf 88' lang='lat' dir='ltr'><strong>repeti.</strong></span> <span class='ocrx_word' id='word_1_116' title='bbox 548 1905 721 1993; x_wconf 74' lang='lat' dir='ltr'><strong>Utriusque</strong></span> <span class='ocrx_word' id='word_1_117' title='bbox 744 1911 873 1993; x_wconf 91' lang='lat' dir='ltr'><strong>generis</strong></span> <span class='ocrx_word' id='word_1_118' title='bbox 900 1911 1059 1994; x_wconf 91' lang='lat' dir='ltr'><strong>imagines</strong></span> <span class='ocrx_word' id='word_1_119' title='bbox 1080 1908 1278 1992; x_wconf 83' lang='lat' dir='ltr'><strong>frequentius</strong></span> <span class='ocrx_word' id='word_1_120' title='bbox 1301 1909 1335 1971; x_wconf 91' lang='lat' dir='ltr'><strong>in</strong></span> 
     </span>
     <span class='ocr_line' id='line_1_15' title="bbox 116 2022 1334 2111; baseline -0.009 -14"><span class='ocrx_word' id='word_1_121' title='bbox 116 2026 312 2098; x_wconf 88' lang='lat' dir='ltr'><strong>carminibus</strong></span> <span class='ocrx_word' id='word_1_122' title='bbox 334 2023 508 2089; x_wconf 81' lang='lat' dir='ltr'><strong>Hebraicis</strong></span> <span class='ocrx_word' id='word_1_123' title='bbox 529 2025 657 2090; x_wconf 89' lang='lat' dir='ltr'><strong>obviam</strong></span> <span class='ocrx_word' id='word_1_124' title='bbox 682 2038 774 2100; x_wconf 85' lang='lat' dir='ltr'><strong>sunt3</strong></span> <span class='ocrx_word' id='word_1_125' title='bbox 805 2024 1082 2111; x_wconf 83' lang='lat' dir='ltr'><strong>frequentissimae</strong></span> <span class='ocrx_word' id='word_1_126' title='bbox 1111 2041 1216 2090; x_wconf 89' lang='lat' dir='ltr'><strong>tamen</strong></span> <span class='ocrx_word' id='word_1_127' title='bbox 1247 2022 1334 2104; x_wconf 87' lang='lat' dir='ltr'><strong>illae,</strong></span> 
     </span>
     <span class='ocr_line' id='line_1_16' title="bbox 115 2141 1335 2237; baseline -0.004 -24"><span class='ocrx_word' id='word_1_128' title='bbox 115 2170 197 2237; x_wconf 89' lang='lat' dir='ltr'><strong>quae</strong></span> <span class='ocrx_word' id='word_1_129' title='bbox 218 2143 355 2209; x_wconf 81' lang='lat' dir='ltr'><strong>erebus</strong></span> <span class='ocrx_word' id='word_1_130' title='bbox 377 2141 576 2212; x_wconf 82' lang='lat' dir='ltr'><strong>naturalibus</strong></span> <span class='ocrx_word' id='word_1_131' title='bbox 597 2142 650 2207; x_wconf 87' lang='lat' dir='ltr'><strong>rel</strong></span> <span class='ocrx_word' id='word_1_132' title='bbox 669 2145 805 2221; x_wconf 88' lang='lat' dir='ltr'><strong>orienti,</strong></span> <span class='ocrx_word' id='word_1_133' title='bbox 825 2141 877 2206; x_wconf 87' lang='lat' dir='ltr'><strong>rel</strong></span> <span class='ocrx_word' id='word_1_134' title='bbox 896 2143 1097 2209; x_wconf 82' lang='lat' dir='ltr'><strong>Palaestinae</strong></span> <span class='ocrx_word' id='word_1_135' title='bbox 1119 2141 1335 2230; x_wconf 86' lang='lat' dir='ltr'><strong>peculiaribus</strong></span> 
     </span>
     <span class='ocr_line' id='line_1_17' title="bbox 113 2259 1335 2356; baseline -0.008 -24"><span class='ocrx_word' id='word_1_136' title='bbox 113 2271 232 2356; x_wconf 88' lang='lat' dir='ltr'><strong>petitae</strong></span> <span class='ocrx_word' id='word_1_137' title='bbox 252 2274 337 2327; x_wconf 88' lang='lat' dir='ltr'><strong>suot.</strong></span> <span class='ocrx_word' id='word_1_138' title='bbox 383 2259 464 2325; x_wconf 87' lang='lat' dir='ltr'><strong>Cum</strong></span> <span class='ocrx_word' id='word_1_139' title='bbox 486 2264 628 2325; x_wconf 88' lang='lat' dir='ltr'><strong>omnium</strong></span> <span class='ocrx_word' id='word_1_140' title='bbox 648 2263 717 2325; x_wconf 84' lang='lat' dir='ltr'><strong>fere</strong></span> <span class='ocrx_word' id='word_1_141' title='bbox 738 2264 883 2346; x_wconf 91' lang='lat' dir='ltr'><strong>gentium</strong></span> <span class='ocrx_word' id='word_1_142' title='bbox 908 2265 1013 2348; x_wconf 76' lang='lat' dir='ltr'><strong>potitis</strong></span> <span class='ocrx_word' id='word_1_143' title='bbox 1033 2264 1066 2328; x_wconf 93' lang='lat' dir='ltr'><strong>id</strong></span> <span class='ocrx_word' id='word_1_144' title='bbox 1087 2282 1256 2326; x_wconf 91' lang='lat' dir='ltr'><strong>commune</strong></span> <span class='ocrx_word' id='word_1_145' title='bbox 1275 2260 1335 2324; x_wconf 90' lang='lat' dir='ltr'><strong>ba-</strong></span> 
     </span>
     <span class='ocr_line' id='line_1_18' title="bbox 115 2378 1333 2464; baseline -0.01 -12"><span class='ocrx_word' id='word_1_146' title='bbox 115 2389 193 2453; x_wconf 89' lang='lat' dir='ltr'><strong>bent</strong></span> <span class='ocrx_word' id='word_1_147' title='bbox 207 2382 368 2460; x_wconf 87' lang='lat' dir='ltr'><strong>Hebraei,</strong></span> <span class='ocrx_word' id='word_1_148' title='bbox 389 2394 425 2445; x_wconf 90' lang='lat' dir='ltr'><strong>ut</strong></span> <span class='ocrx_word' id='word_1_149' title='bbox 443 2399 495 2443; x_wconf 90' lang='lat' dir='ltr'><strong>res</strong></span> <span class='ocrx_word' id='word_1_150' title='bbox 516 2380 676 2458; x_wconf 56' lang='lat' dir='ltr'><strong>⁴secundus</strong></span> <span class='ocrx_word' id='word_1_151' title='bbox 695 2378 909 2464; x_wconf 86' lang='lat' dir='ltr'><strong>adversasque</strong></span> <span class='ocrx_word' id='word_1_152' title='bbox 931 2403 1003 2446; x_wconf 88' lang='lat' dir='ltr'><strong>cum</strong></span> <span class='ocrx_word' id='word_1_153' title='bbox 1021 2379 1094 2445; x_wconf 93' lang='lat' dir='ltr'><strong>luce</strong></span> <span class='ocrx_word' id='word_1_154' title='bbox 1117 2380 1333 2464; x_wconf 87' lang='lat' dir='ltr'><strong>tenebrisque,</strong></span> 
     </span>
     <span class='ocr_line' id='line_1_19' title="bbox 111 2495 1333 2591; baseline -0.011 -19"><span class='ocrx_word' id='word_1_155' title='bbox 111 2503 317 2591; x_wconf 76' lang='lat' dir='ltr'><strong>fragilitatem</strong></span> <span class='ocrx_word' id='word_1_156' title='bbox 336 2495 508 2560; x_wconf 89' lang='lat' dir='ltr'><strong>bumauam</strong></span> <span class='ocrx_word' id='word_1_157' title='bbox 524 2518 596 2560; x_wconf 91' lang='lat' dir='ltr'><strong>cum</strong></span> <span class='ocrx_word' id='word_1_158' title='bbox 619 2496 728 2561; x_wconf 88' lang='lat' dir='ltr'><strong>herbis</strong></span> <span class='ocrx_word' id='word_1_159' title='bbox 749 2497 946 2584; x_wconf 89' lang='lat' dir='ltr'><strong>floribusque</strong></span> <span class='ocrx_word' id='word_1_160' title='bbox 961 2497 1258 2584; x_wconf 82' lang='lat' dir='ltr'><strong>languescentibus,</strong></span> <span class='ocrx_word' id='word_1_161' title='bbox 1281 2498 1333 2559; x_wconf 91' lang='lat' dir='ltr'><strong>in-</strong></span> 
     </span>
     <span class='ocr_line' id='line_1_20' title="bbox 113 2612 1333 2704; baseline -0.011 -16"><span class='ocrx_word' id='word_1_162' title='bbox 113 2623 298 2687; x_wconf 87' lang='lat' dir='ltr'><strong>firmitatem</strong></span> <span class='ocrx_word' id='word_1_163' title='bbox 321 2637 392 2678; x_wconf 89' lang='lat' dir='ltr'><strong>cum</strong></span> <span class='ocrx_word' id='word_1_164' title='bbox 409 2614 561 2679; x_wconf 89' lang='lat' dir='ltr'><strong>arborum</strong></span> <span class='ocrx_word' id='word_1_165' title='bbox 580 2614 686 2694; x_wconf 85' lang='lat' dir='ltr'><strong>loliis,</strong></span> <span class='ocrx_word' id='word_1_166' title='bbox 708 2615 772 2680; x_wconf 92' lang='lat' dir='ltr'><strong>buc</strong></span> <span class='ocrx_word' id='word_1_167' title='bbox 794 2614 874 2681; x_wconf 87' lang='lat' dir='ltr'><strong>illuc</strong></span> <span class='ocrx_word' id='word_1_168' title='bbox 897 2639 917 2680; x_wconf 89' lang='lat' dir='ltr'><strong>a</strong></span> <span class='ocrx_word' id='word_1_169' title='bbox 940 2630 1034 2681; x_wconf 86' lang='lat' dir='ltr'><strong>vento</strong></span> <span class='ocrx_word' id='word_1_170' title='bbox 1056 2618 1206 2704; x_wconf 87' lang='lat' dir='ltr'><strong>agitatis,</strong></span> <span class='ocrx_word' id='word_1_171' title='bbox 1229 2612 1333 2676; x_wconf 90' lang='lat' dir='ltr'><strong>firmi·</strong></span> 
     </span>
     <span class='ocr_line' id='line_1_21' title="bbox 113 2715 1334 2821; baseline -0.01 -15"><span class='ocrx_word' id='word_1_172' title='bbox 113 2756 210 2806; x_wconf 91' lang='lat' dir='ltr'><strong>tatem</strong></span> <span class='ocrx_word' id='word_1_173' title='bbox 227 2751 321 2820; x_wconf 91' lang='lat' dir='ltr'><strong>atque</strong></span> <span class='ocrx_word' id='word_1_174' title='bbox 337 2735 540 2797; x_wconf 85' lang='lat' dir='ltr'><strong>securitatem</strong></span> <span class='ocrx_word' id='word_1_175' title='bbox 556 2756 628 2799; x_wconf 87' lang='lat' dir='ltr'><strong>curu</strong></span> <span class='ocrx_word' id='word_1_176' title='bbox 646 2733 809 2798; x_wconf 84' lang='lat' dir='ltr'><strong>montibus</strong></span> <span class='ocrx_word' id='word_1_177' title='bbox 823 2715 1036 2821; x_wconf 81' lang='lat' dir='ltr'><strong>rupibusque,</strong></span> <span class='ocrx_word' id='word_1_178' title='bbox 1061 2757 1176 2820; x_wconf 86' lang='lat' dir='ltr'><strong>magua</strong></span> <span class='ocrx_word' id='word_1_179' title='bbox 1190 2729 1334 2818; x_wconf 90' lang='lat' dir='ltr'><strong>pericula</strong></span> 
     </span>
     <span class='ocr_line' id='line_1_22' title="bbox 112 2848 1332 2940; baseline -0.01 -15"><span class='ocrx_word' id='word_1_180' title='bbox 112 2880 185 2924; x_wconf 90' lang='lat' dir='ltr'><strong>cum</strong></span> <span class='ocrx_word' id='word_1_181' title='bbox 211 2873 364 2940; x_wconf 89' lang='lat' dir='ltr'><strong>aquarum</strong></span> <span class='ocrx_word' id='word_1_182' title='bbox 394 2854 548 2937; x_wconf 86' lang='lat' dir='ltr'><strong>voragine</strong></span> <span class='ocrx_word' id='word_1_183' title='bbox 574 2848 626 2914; x_wconf 89' lang='lat' dir='ltr'><strong>vel</strong></span> <span class='ocrx_word' id='word_1_184' title='bbox 649 2849 1003 2936; x_wconf 83' lang='lat' dir='ltr'><strong>turbinecompouant.</strong></span> <span class='ocrx_word' id='word_1_185' title='bbox 1055 2849 1146 2927; x_wconf 79' lang='lat' dir='ltr'><strong>Quae</strong></span> <span class='ocrx_word' id='word_1_186' title='bbox 1175 2852 1332 2936; x_wconf 86' lang='lat' dir='ltr'><strong>imagines</strong></span> 
     </span>
     <span class='ocr_line' id='line_1_23' title="bbox 111 2950 1331 3054; baseline -0.011 -9"><span class='ocrx_word' id='word_1_187' title='bbox 111 3000 184 3045; x_wconf 90' lang='lat' dir='ltr'><strong>cum</strong></span> <span class='ocrx_word' id='word_1_188' title='bbox 207 2996 249 3039; x_wconf 88' lang='lat' dir='ltr'><strong>ex</strong></span> <span class='ocrx_word' id='word_1_189' title='bbox 270 2992 377 3036; x_wconf 91' lang='lat' dir='ltr'><strong>rerum</strong></span> <span class='ocrx_word' id='word_1_190' title='bbox 408 2950 523 3033; x_wconf 76' lang='lat' dir='ltr'><strong>natnrd</strong></span> <span class='ocrx_word' id='word_1_191' title='bbox 550 2971 584 3033; x_wconf 93' lang='lat' dir='ltr'><strong>in</strong></span> <span class='ocrx_word' id='word_1_192' title='bbox 615 2971 799 3035; x_wconf 84' lang='lat' dir='ltr'><strong>universum</strong></span> <span class='ocrx_word' id='word_1_193' title='bbox 828 2972 945 3054; x_wconf 89' lang='lat' dir='ltr'><strong>petitae</strong></span> <span class='ocrx_word' id='word_1_194' title='bbox 975 2973 1057 3048; x_wconf 89' lang='lat' dir='ltr'><strong>siut,</strong></span> <span class='ocrx_word' id='word_1_195' title='bbox 1087 2968 1172 3033; x_wconf 88' lang='lat' dir='ltr'><strong>baud</strong></span> <span class='ocrx_word' id='word_1_196' title='bbox 1203 2971 1331 3045; x_wconf 91' lang='lat' dir='ltr'><strong>mirum,</strong></span> 
     </span>
     <span class='ocr_line' id='line_1_24' title="bbox 111 3086 1331 3175; baseline -0.011 -12"><span class='ocrx_word' id='word_1_197' title='bbox 111 3094 333 3163; x_wconf 85' lang='lat' dir='ltr'><strong>aesomnium</strong></span> <span class='ocrx_word' id='word_1_198' title='bbox 365 3090 435 3154; x_wconf 86' lang='lat' dir='ltr'><strong>lere</strong></span> <span class='ocrx_word' id='word_1_199' title='bbox 462 3090 607 3175; x_wconf 87' lang='lat' dir='ltr'><strong>gentium</strong></span> <span class='ocrx_word' id='word_1_200' title='bbox 634 3089 737 3172; x_wconf 73' lang='lat' dir='ltr'><strong>poetis</strong></span> <span class='ocrx_word' id='word_1_201' title='bbox 770 3109 955 3152; x_wconf 91' lang='lat' dir='ltr'><strong>communes</strong></span> <span class='ocrx_word' id='word_1_202' title='bbox 984 3109 1066 3152; x_wconf 85' lang='lat' dir='ltr'><strong>esse.</strong></span> <span class='ocrx_word' id='word_1_203' title='bbox 1111 3086 1271 3173; x_wconf 85' lang='lat' dir='ltr'><strong>Exempla</strong></span> <span class='ocrx_word' id='word_1_204' title='bbox 1298 3089 1331 3150; x_wconf 95' lang='lat' dir='ltr'><strong>in</strong></span> 
     </span>
     <span class='ocr_line' id='line_1_25' title="bbox 110 3206 1373 3287; baseline -0.011 -6"><span class='ocrx_word' id='word_1_205' title='bbox 110 3215 334 3282; x_wconf 89' lang='lat' dir='ltr'><strong>Hebraeorum</strong></span> <span class='ocrx_word' id='word_1_206' title='bbox 371 3206 566 3274; x_wconf 87' lang='lat' dir='ltr'><strong>carminibus</strong></span> <span class='ocrx_word' id='word_1_207' title='bbox 603 3219 756 3270; x_wconf 87' lang='lat' dir='ltr'><strong>sexcenta</strong></span> <span class='ocrx_word' id='word_1_208' title='bbox 793 3206 921 3270; x_wconf 82' lang='lat' dir='ltr'><strong>obviarn</strong></span> <span class='ocrx_word' id='word_1_209' title='bbox 949 3221 1041 3281; x_wconf 84' lang='lat' dir='ltr'><strong>sunt3</strong></span> <span class='ocrx_word' id='word_1_210' title='bbox 1074 3206 1202 3287; x_wconf 87' lang='lat' dir='ltr'><strong>juvabit</strong></span> <span class='ocrx_word' id='word_1_211' title='bbox 1234 3225 1331 3269; x_wconf 90' lang='lat' dir='ltr'><strong>unum</strong></span> <span class='ocrx_word' id='word_1_212' title='bbox 1370 3218 1373 3222; x_wconf 86' lang='grc'><strong>’</strong></span> 
     </span>
     <span class='ocr_line' id='line_1_26' title="bbox 110 3321 1331 3408; baseline -0.01 -9"><span class='ocrx_word' id='word_1_213' title='bbox 110 3349 234 3400; x_wconf 90' lang='lat' dir='ltr'><strong>tantum</strong></span> <span class='ocrx_word' id='word_1_214' title='bbox 263 3327 439 3392; x_wconf 84' lang='lat' dir='ltr'><strong>alterumve</strong></span> <span class='ocrx_word' id='word_1_215' title='bbox 468 3330 502 3390; x_wconf 93' lang='lat' dir='ltr'><strong>iu</strong></span> <span class='ocrx_word' id='word_1_216' title='bbox 532 3327 672 3389; x_wconf 89' lang='lat' dir='ltr'><strong>medium</strong></span> <span class='ocrx_word' id='word_1_217' title='bbox 701 3321 885 3408; x_wconf 85' lang='lat' dir='ltr'><strong>protulisse.</strong></span> <span class='ocrx_word' id='word_1_218' title='bbox 938 3325 1037 3388; x_wconf 86' lang='lat' dir='ltr'><strong>Lucis</strong></span> <span class='ocrx_word' id='word_1_219' title='bbox 1066 3324 1331 3407; x_wconf 86' lang='lat' dir='ltr'><strong>tenebrarumque</strong></span> 
     </span>
    </p>

    <p class='ocr_par' dir='ltr' id='par_1_3' title="bbox 109 3414 1355 3675">
     <span class='ocr_line' id='line_1_27' title="bbox 110 3414 1355 3536; baseline -0.012 -18"><span class='ocrx_word' id='word_1_220' title='bbox 110 3453 253 3536; x_wconf 86' lang='lat' dir='ltr'><strong>imagine</strong></span> <span class='ocrx_word' id='word_1_221' title='bbox 288 3448 416 3511; x_wconf 83' lang='lat' dir='ltr'><strong>fortuna</strong></span> <span class='ocrx_word' id='word_1_222' title='bbox 445 3446 587 3510; x_wconf 87' lang='lat' dir='ltr'><strong>secunda</strong></span> <span class='ocrx_word' id='word_1_223' title='bbox 619 3456 714 3527; x_wconf 91' lang='lat' dir='ltr'><strong>atque</strong></span> <span class='ocrx_word' id='word_1_224' title='bbox 749 3441 886 3505; x_wconf 85' lang='lat' dir='ltr'><strong>adversa</strong></span> <span class='ocrx_word' id='word_1_225' title='bbox 919 3455 1174 3526; x_wconf 87' lang='lat' dir='ltr'><strong>repraesentatur</strong></span> <span class='ocrx_word' id='word_1_226' title='bbox 1203 3414 1355 3507; x_wconf 41' lang='lat' dir='ltr'><strong>Psalmo&#39;</strong></span> 
     </span>
     <span class='ocr_line' id='line_1_28' title="bbox 109 3569 374 3675; baseline -0.042 -35"><span class='ocrx_word' id='word_1_227' title='bbox 109 3569 240 3649; x_wconf 76' lang='lat' dir='ltr'><strong>xviri,</strong></span> <span class='ocrx_word' id='word_1_228' title='bbox 264 3573 321 3632; x_wconf 79' lang='lat'><strong>29:</strong></span> <span class='ocrx_word' id='word_1_229' title='bbox 366 3662 374 3675; x_wconf 35' lang='grc' dir='ltr'><em>Ι</em></span> 
     </span>
    </p>

    <p class='ocr_par' dir='ltr' id='par_1_4' title="bbox 318 3691 1196 4102">
     <span class='ocr_line' id='line_1_29' title="bbox 528 3691 946 3752; baseline -0.017 -2"><span class='ocrx_word' id='word_1_230' title='bbox 528 3696 606 3750; x_wconf 66' lang='lat' dir='ltr'><strong>tntu</strong></span> <span class='ocrx_word' id='word_1_231' title='bbox 628 3697 682 3752; x_wconf 61' lang='lat' dir='ltr'><strong>*tt</strong></span> <span class='ocrx_word' id='word_1_232' title='bbox 706 3698 791 3748; x_wconf 57' lang='grc' dir='ltr'><strong>’ΝΠ</strong></span> <span class='ocrx_word' id='word_1_233' title='bbox 814 3691 946 3747; x_wconf 52' lang='lat' dir='ltr'><strong>morton</strong></span> 
     </span>
     <span class='ocr_line' id='line_1_30' title="bbox 592 3798 948 3869; baseline 0.011 -7"><span class='ocrx_word' id='word_1_234' title='bbox 592 3807 595 3818; x_wconf 62' lang='lat'><strong><em>¹</em></strong></span> <span class='ocrx_word' id='word_1_235' title='bbox 641 3817 747 3868; x_wconf 58' lang='lat' dir='ltr'><strong>:radin</strong></span> <span class='ocrx_word' id='word_1_236' title='bbox 769 3816 842 3868; x_wconf 54' lang='grc' dir='ltr'><strong>π’»</strong></span> <span class='ocrx_word' id='word_1_237' title='bbox 867 3798 948 3869; x_wconf 62' lang='lat'><strong>⁸273&amp;</strong></span> 
     </span>
     <span class='ocr_line' id='line_1_31' title="bbox 318 3916 1196 4015; baseline -0.007 -31"><span class='ocrx_word' id='word_1_238' title='bbox 318 3918 465 4004; x_wconf 87' lang='lat' dir='ltr'><strong>Namque</strong></span> <span class='ocrx_word' id='word_1_239' title='bbox 488 3931 520 3980; x_wconf 93' lang='lat' dir='ltr'><strong>tu</strong></span> <span class='ocrx_word' id='word_1_240' title='bbox 540 3916 648 3988; x_wconf 79' lang='lat' dir='ltr'><strong>lucere</strong></span> <span class='ocrx_word' id='word_1_241' title='bbox 667 3919 748 3983; x_wconf 85' lang='lat' dir='ltr'><strong>lacis</strong></span> <span class='ocrx_word' id='word_1_242' title='bbox 768 3918 930 3982; x_wconf 88' lang='lat' dir='ltr'><strong>lucernam</strong></span> <span class='ocrx_word' id='word_1_243' title='bbox 955 3937 1076 4015; x_wconf 84' lang='lat' dir='ltr'><strong>meam,</strong></span> <span class='ocrx_word' id='word_1_244' title='bbox 1098 3917 1196 3991; x_wconf 81' lang='lat' dir='ltr'><strong>lora,</strong></span> 
     </span>
     <span class='ocr_line' id='line_1_32' title="bbox 318 4034 981 4102; baseline -0.005 -1"><span class='ocrx_word' id='word_1_245' title='bbox 318 4036 408 4101; x_wconf 87' lang='lat' dir='ltr'><strong>Deus</strong></span> <span class='ocrx_word' id='word_1_246' title='bbox 438 4057 528 4101; x_wconf 90' lang='lat' dir='ltr'><strong>meus</strong></span> <span class='ocrx_word' id='word_1_247' title='bbox 551 4034 690 4100; x_wconf 87' lang='lat' dir='ltr'><strong>illustrat</strong></span> <span class='ocrx_word' id='word_1_248' title='bbox 713 4037 862 4102; x_wconf 86' lang='lat' dir='ltr'><strong>tenebras</strong></span> <span class='ocrx_word' id='word_1_249' title='bbox 884 4057 981 4100; x_wconf 86' lang='lat' dir='ltr'><strong>meas.</strong></span> 
     </span>
    </p>
   </div>
   <div class='ocr_carea' id='block_1_3' title="bbox 109 4152 751 4244">
    <p class='ocr_par' dir='ltr' id='par_1_5' title="bbox 109 4152 751 4244">
     <span class='ocr_line' id='line_1_33' title="bbox 109 4152 751 4244; baseline -0.009 -21"><span class='ocrx_word' id='word_1_250' title='bbox 109 4157 265 4244; x_wconf 60' lang='lat' dir='ltr'><strong>Similiter</strong></span> <span class='ocrx_word' id='word_1_251' title='bbox 288 4155 366 4221; x_wconf 76' lang='lat' dir='ltr'><strong>tots</strong></span> <span class='ocrx_word' id='word_1_252' title='bbox 384 4155 487 4234; x_wconf 90' lang='lat' dir='ltr'><strong>libro,</strong></span> <span class='ocrx_word' id='word_1_253' title='bbox 518 4176 586 4240; x_wconf 82' lang='lat' dir='ltr'><strong>cap,</strong></span> <span class='ocrx_word' id='word_1_254' title='bbox 610 4152 671 4234; x_wconf 84' lang='lat' dir='ltr'><strong>xl,</strong></span> <span class='ocrx_word' id='word_1_255' title='bbox 695 4160 751 4221; x_wconf 78' lang='lat' dir='ltr'><strong>tt:</strong></span> 
     </span>
    </p>
   </div>
   <div class='ocr_carea' id='block_1_4' title="bbox 0 0 1456 4942">
    <p class='ocr_par' dir='ltr' id='par_1_6' title="bbox 0 0 1456 4942">
     <span class='ocr_line' id='line_1_34' title="bbox 0 0 1456 4942; baseline 0 2"><span class='ocrx_word' id='word_1_256' title='bbox 0 0 1456 4942; x_wconf 95' lang='lat' dir='ltr'><strong> </strong></span> 
     </span>
    </p>
   </div>
  </div>
 </body>
</html>
