2904 4942
239 305 280 363 Dr
299 315 462 380 mgumsnto
483 306 653 380 diversisque
673 306 818 379 amenius
840 307 996 363 carminum
1017 304 1207 367 Arabicarum.
1294 310 1335 371 93

104 473 165 537 tlit.
211 467 262 535 Ne
284 483 390 534 tamen
414 471 598 547 existimes,
634 471 831 556 antiquiores
857 481 978 531 tantum
999 468 1145 535 Arabum
1166 477 1279 556 pob‘tas
1301 476 1334 537 io

104 584 602 674 descriptionibus*excelluisse;
627 591 703 673 quin
724 601 757 651 et
776 589 917 650 seriores
940 585 1024 651 haud
1043 589 1193 674 exiguam
1207 565 1335 655 leudem

106 710 143 773 in
164 709 228 771 boc
250 708 376 771 dicendi
397 727 517 792 genere
539 705 603 770 sibi
626 707 806 780 uindicant3
840 707 1025 790 intorques
1046 708 1235 790 praeprimis
1256 684 1336 772 Mo-

108 823 251 891 tmbbs'
270 837 301 888 et
323 823 485 902 Abulolu,
516 843 649 907 quorum
674 820 729 885 ille
749 825 783 888 in
805 823 1026 889 describendis
1053 825 1168 911 pugnis
1190 827 1246 889 vix
1265 827 1334 890 cui·

105 965 203 1032 quam
224 944 442 1008 videturesse
464 942 714 1027 postponendus.
1122 936 1129 947 '

194 1092 400 1158 Carminibus
420 1091 537 1178 lepidis
558 1092 749 1157 accensendi
773 1093 927 1177 apologi,
950 1099 1209 1179 epigrammata,
1239 1101 1332 1162 oeni·

103 1222 242 1302 μαῖα,
271 1213 404 1298 grspbi,
433 1210 559 1297 alioque
582 1212 615 1275 id
638 1232 741 1297 genus
763 1213 940 1295 poematia,
967 1233 1100 1298 quarum
1122 1214 1156 1274 in
1178 1215 1334 1279 seriorum

102 1340 273 1420 poetarum
296 1330 447 1416 oporibus
470 1328 556 1393 baud
580 1332 717 1416 exiguus
740 1348 904 1393 numerus.
955 1329 1074 1393 Eorum
1097 1345 1332 1416 argumentum,

103 1456 180 1517 com
198 1452 241 1514 sit
257 1449 527 1527 diversissimum,
550 1444 679 1530 longum
698 1461 783 1512 esset
803 1468 984 1529 exponere;
1021 1468 1124 1533 neque
1146 1450 1179 1513 id
1202 1453 1334 1515 omnino

103 1568 326 1635 necessarium
356 1567 500 1640 videtur,
532 1586 603 1629 com
626 1567 749 1630 nemini
770 1587 834 1628 non
859 1567 1060 1631 notissimum
1082 1570 1144 1649 sit,
1176 1590 1333 1655 quaenam

102 1690 216 1754 resin
240 1685 399 1769 ejusmodi
428 1685 595 1767 poematiis
625 1685 755 1748 tractari
775 1681 910 1747 soleant.
960 1682 1116 1748 Idunum
1140 1685 1333 1765 notabimus,
1445 1768 1448 1773 Ι

102 1805 253 1874 Arabum
277 1805 506 1889 epigrammata
527 1803 715 1887 saepissime
735 1802 768 1863 in
791 1800 887 1865 rebus
910 1803 1074 1866 amatoriis
1094 1804 1227 1880 versari,
1249 1803 1335 1866 face·

105 1927 224 1989 tiorum
247 1920 387 2004 solisque
407 1917 594 2005 plenissima
616 1943 705 1999 esse,
735 1920 793 1983 sed
816 1918 900 1982 band
924 1939 997 1983 raro
1020 1939 1132 1982 omnes
1156 1918 1333 1984 honestatis

105 2039 196 2107 fines
215 2038 404 2105 transsilire.
440 2033 552 2120 -anos
577 2038 706 2124 generis
728 2049 805 2100 sunt
828 2035 1079 2103 Sekemsutltls‘ai
1099 2036 1361 2114 Mobomssedis.

105 2158 171 2225 best
192 2159 311 2224 Hosne
334 2156 395 2220 bees
410 2156 473 2220 Ali
485 2153 747 2219 Annosccdsclsii
767 2157 1013 2240 epigrammata,
1036 2176 1169 2241 quornm
1186 2154 1332 2221 collectio

102 2278 226 2380 obeb-ll
253 2307 303 2378 ΟΛ
327 2274 468 2376 Ubssdl
492 2287 582 2361 cae,
608 2277 636 2357 cb
662 2274 773 2377 0355„
799 2284 901 2378 giis,
924 2291 944 2352 i.
961 2310 989 2352 e.
1009 2289 1332 2375 dorcadumpcscuo,

99 2417 176 2478 sive
196 2410 435 2474 adolescentum
446 2408 667 2490 formosorum
688 2406 884 2490 descriptio,
906 2406 1101 2471 inscribitur.
1145 2407 1182 2471 ln
1205 2411 1244 2471 eei
1265 2407 1334 2473 col-

99 2526 245 2594 lectione
267 2531 307 2593 ad
330 2534 392 2593 tria
414 2523 516 2590 millia
538 2529 801 2612 epigrammatum
828 2523 1008 2601 habentor,
1047 2546 1127 2610 quae
1150 2526 1190 2589 ad
1213 2527 1332 2610 paede-

100 2650 222 2714 restias
245 2651 403 2732 pertinent
424 2644 601 2730 flagitium,
640 2655 672 2706 et
693 2642 779 2708 haud
809 2663 919 2728 parom
941 2641 1039 2722 selis,
1078 2644 1135 2710 sed
1161 2642 1330 2727 plurimum

100 2769 205 2832 etiam
226 2765 454 2833 obscoenitatis
476 2762 595 2828 habent
615 2761 677 2846 ⁷⁶).

545 3027 559 3054 Ι,
639 2967 669 3041 ι.
703 2960 789 3026 nur.
901 3023 907 3029 .

151 3142 154 3147 ⁴
194 3116 334 3183 Ultimus
355 3118 445 3184 locus
467 3123 501 3184 io
524 3119 603 3184 Alii
623 3115 684 3180 less
707 3113 948 3195 Abilfcrodscls
977 3119 1153 3183 carminum
1174 3117 1330 3187 Arabico·
1353 3176 1358 3183 ,

99 3260 175 3303 rom
199 3250 370 3321 conspectu
393 3226 580 3323 religiosis,
605 3238 674 3299 sire
691 3240 922 3319 paraenetics's
944 3233 1097 3298 tribuitur
1119 3237 1328 3306 carminibus.

98 3356 197 3423 Haec
211 3359 244 3418 in
261 3356 400 3419 numinis
416 3356 516 3419 divini
535 3353 685 3418 laudibus
701 3350 920 3429 celebrandis,
944 3353 1157 3437 praedicandis
1171 3356 1204 3416 in
1222 3353 1328 3419 Deum

100 3477 243 3562 pietate,
268 3494 409 3537 necnon
431 3473 683 3537 commendando
702 3493 807 3536 rerum
826 3471 1058 3534 mundanarum
1079 3483 1239 3535 contemtu
1259 3494 1330 3537 ver·

97 3606 226 3658 untur.
270 3590 398 3656 Numen
421 3591 562 3655 divinum
586 3604 660 3656 ante
682 3592 790 3655 omnia
811 3570 1099 3673 colendom'etqne
1114 3585 1328 3674 diligendum

97 3699 242 3796 namquo
263 3709 351 3774 illios
372 3709 529 3774 immcbsb
550 3709 692 3796 potentia
721 3711 872 3772 universa
898 3728 1004 3771 rerum
1028 3721 1142 3771 natura
1164 3729 1205 3771 ex
1224 3698 1327 3772 nihilo

93 3816 281 3916 procreata,
301 3827 452 3913 illiusque
472 3825 600 3892 infiniti
622 3828 820 3913 benignitate
837 3847 1043 3914 quaecunque
1060 3829 1093 3889 in
1109 3828 1179 3891 (lias
1197 3823 1328 3890 luminis

143 4130 203 4212 76)
225 4133 616 4196 vocabatuocabat.
639 4136 707 4207 Η,
729 4156 758 4215 p.
773 4133 832 4210 88,
856 4135 927 4197 124.
