2904 4942
153 316 223 379 Μ
599 309 670 368 Pota
690 307 742 371 W.
792 307 863 384 Gap.
883 306 940 365 111.

116 526 120 533 =
152 484 219 560 ris,
245 480 341 549 sicuti
360 474 485 543 ursum
507 487 602 560 atqua
621 472 788 550 Romani,
818 475 866 539 itu
887 466 1029 537 Arabicis
1056 484 1182 553 quoquo
1206 470 1298 553 poesi
1319 470 1380 534 im.

155 600 338 667 haereatur.

655 733 684 809 ς.
721 724 874 792 cxuvt.

240 871 370 935 Praeter
385 867 549 929 metricam
565 865 742 928 carminum
761 874 951 930 structuram
966 859 1111 925 Arabum
1126 862 1234 945 poesis
1248 856 1291 923 ab
1308 856 1379 921 He-

154 987 265 1056 hrnioi
295 1000 327 1051 et
351 983 498 1069 rhythmo
520 982 631 1062 finali
652 982 778 1059 differt,
810 963 902 1068 quem
933 976 992 1044 illa
1018 989 1200 1043 constanter
1227 977 1380 1053 admittit,

153 1107 235 1173 haec
262 1125 340 1170 vara
361 1101 564 1167 volumnius
590 1103 729 1186 respuit,
758 1097 811 1162 vel
842 1120 952 1184 parum
977 1109 1075 1162 curat.
1126 1094 1223 1161 Haud
1250 1095 1380 1183 quidem

154 1224 272 1291 desunt
296 1218 465 1306 exempla',
494 1217 649 1305 equibus
677 1217 786 1304 colligi
813 1219 932 1304 pessit,
961 1230 994 1281 et
1012 1212 1236 1280 Hebraeorum
1265 1220 1380 1299 poetas

154 1342 299 1431 rhythmi
324 1338 434 1404 finalis
457 1337 597 1424 aliquam
628 1337 779 1401 hahuisse
808 1336 983 1409 rationem3
1013 1354 1124 1399 rerum
1153 1355 1226 1398 cum
1252 1329 1379 1398 nullum

155 1462 286 1527 omnino
317 1461 460 1542 supersit
489 1466 623 1545 poiseos
655 1453 836 1531 Hebraieae
864 1457 1043 1538 specimen,
1080 1455 1163 1542 quod
1192 1435 1379 1517 constanter

155 1578 306 1663 certique
319 1574 391 1661 lega
407 1573 590 1658 rhythmum
601 1572 735 1663 ,finalem
750 1572 885 1652 referat,
907 1574 1026 1638 rectius
1041 1586 1172 1652 statuas,
1193 1570 1378 1656 rhythmum

154 1695 264 1774 illum,
287 1694 391 1759 sicubi
408 1696 442 1757 in
459 1693 653 1757 carminibus
666 1690 837 1756 Hebraicis
859 1693 1016 1772 occurrit,
1039 1693 1127 1756 casui
1139 1693 1261 1776 potius,
1284 1712 1378 1776 qnam

154 1822 267 1902 poetae
283 1812 419 1879 consilio
441 1811 644 1877 tribuendum
666 1831 748 1879 esse.
793 1807 905 1894 Neque
926 1807 1037 1896 lingua
1052 1808 1214 1873 Hebraica
1232 1810 1379 1876 forman·

156 1934 206 1997 dis
226 1931 383 2014 rhythmis
404 1944 480 2018 ¹apta
500 1931 581 1994 adeo
602 1930 682 2009 luit,
706 1949 799 2016 quam
817 1926 972 2008 Arabica,
996 1947 1076 2015 quae
1096 1930 1185 1993 tanti
1200 1927 1374 2008 vocalium,

155 2051 243 2114 tuntai
271 2049 444 2113 formarum
478 2050 613 2113 eundem
643 2051 677 2112 iu
705 2048 835 2112 modum
862 2047 1094 2126 desinentium,
1123 2050 1211 2112 tanta
1238 2049 1377 2134 denique

156 2166 309 2234 similium
333 2165 561 2231 vocabulorum
586 2166 727 2230 abundat
748 2166 861 2251 copiti,
884 2167 1002 2249 quantia
1026 2168 1081 2230 vix
1104 2164 1173 2231 ulla
1193 2164 1376 2252 linguarum

154 2287 189 2351 in
213 2287 344 2349 orientis
369 2282 418 2347 vel
444 2284 617 2348 occidentis
641 2286 706 2347 oris
732 2284 920 2369 vigentium.
970 2282 1042 2348 Hac
1065 2282 1196 2370 linguae
1217 2284 1377 2350 Arabicas

156 2402 270 2469 naturai
284 2400 356 2466 fieri
373 2401 458 2466 haud
474 2403 594 2486 potuit,
618 2402 694 2485 quin
708 2403 750 2479 ii,
774 2403 829 2486 qni
848 2403 991 2466 ornatius
1010 2403 1116 2467 dicere
1132 2401 1271 2482 vellent,
1294 2401 1376 2468 ultro

156 2521 225 2586 lere
241 2522 281 2584 ad
298 2519 464 2604 rhythmos
479 2521 696 2593 deferrentnr3
719 2520 803 2583 uude
824 2522 949 2598 evenit,
972 2534 1007 2583 ut
1028 2541 1091 2584 nou
1112 2534 1235 2584 tantum
1252 2524 1288 2586 in
1305 2542 1376 2587 car-

155 2639 315 2719 minibus,
337 2658 448 2702 verum
469 2642 565 2701 etiarn
588 2639 620 2701 in
642 2635 749 2702 solnta
770 2641 934 2718 oratione,
955 2641 1080 2720 quoties
1095 2658 1134 2702 ea
1151 2637 1248 2704 altius
1266 2640 1375 2705 insur-

154 2771 262 2845 geret,
283 2755 451 2839 rhythmus
469 2756 684 2822 adhiberetur.

651 2949 681 3026 ἦ.
715 2943 885 3012 CXLVII.

244 3078 288 3145 Ut
314 3081 447 3144 metrici
480 3083 656 3145 carminum
685 3083 846 3146 nonerunt
874 3079 1088 3167 rhythmoqua
1111 3079 1204 3146 finali
1233 3081 1376 3151 Arabum

158 3201 265 3286 poesis
279 3197 320 3262 ab
339 3196 501 3262 llsbraici
517 3199 643 3279 difl'ert,
665 3201 712 3264 ita
728 3207 1030 3285 paronomaor'urrtm
1044 3222 1121 3279 usu,
1143 3201 1377 3290 ambarumque

157 3316 281 3383 luridus
296 3336 367 3379 curn
386 3316 426 3377 eia
445 3319 611 3382 consentit.
655 3315 831 3404 Utriusque
850 3323 955 3404 gentis
980 3330 1113 3405 poetae,
1134 3322 1274 3384 maxime
1300 3342 1375 3385 vero

158 3437 371 3512 recentiores,
403 3446 436 3497 et
463 3439 712 3519 paronomaaiis,
740 3453 772 3503 et
794 3438 965 3504 verborum
994 3437 1120 3505 lusibus
1146 3441 1292 3522 apprime
1320 3441 1377 3504 de-

157 3551 324 3619 lectantur.
368 3550 492 3617 Verum
513 3568 544 3616 et
564 3556 598 3618 in
616 3554 728 3619 harum
749 3555 922 3642 figurarum
942 3579 1002 3622 nau
1016 3558 1157 3644 adparet,
1179 3570 1377 3642 quantumst

157 3671 271 3758 lingua
285 3670 425 3736 Arabica
439 3670 632 3739 Hebraicam
657 3672 809 3738 similium
827 3673 1054 3740 vocabulorum
1077 3678 1242 3761 copii,·et
1264 3686 1377 3762 poetae

157 3787 283 3855 Arabes
298 3786 468 3855 Hebraeos
488 3789 625 3855 artifinio
645 3805 808 3873 superent.
850 3790 998 3878 Namque
1017 3797 1051 3858 in
1066 3793 1292 3865 Hebraeorum
1310 3819 1378 3862 car·

158 3905 300 3969 minibus
317 3910 561 3990 paronomasiae
578 3908 809 3997 verborumque
824 3909 915 3977 lusus
930 3914 1057 3976 nonnisi
1074 3916 1191 3996 passim
1209 3916 1379 3979 inveniun-

159 4036 229 4098 tur3
259 4036 292 4086 at
313 4043 388 4087 vero
415 4023 511 4088 adeas
532 4023 708 4093 Horresco
736 4030 1027 4117 Arnlat'cdenque,
1060 4044 1179 4117 quanta
1199 4029 1379 4118 figurarum

158 4139 286 4215 illatum
300 4142 385 4227 apud
399 4155 565 4228 uuuruque
581 4163 743 4213 auctorem
757 4150 864 4235 copia!
891 4149 999 4215 'lanta
1012 4149 1167 4236 prolecto,
1190 4164 1226 4217 ut
1238 4153 1381 4217 incertus
