2904 4942
106 325 150 384 m
574 314 936 398 mnmn²

107 504 196 556 reete
229 489 425 573 Tyelrenr'or
459 500 588 567 monet,
629 487 723 551 sicuti
751 485 868 550 Graeci
896 496 968 571 post
995 485 1148 547 vietorius
1176 502 1196 546 u
1224 483 1339 549 Persis

108 619 285 692 reportatas
302 611 433 690 pobsin,
456 605 585 686 literas,
608 618 693 668 artes
712 625 795 668 novo
811 606 918 668 studio
935 600 1169 680 excoluissent,
1190 603 1236 665 ita
1250 604 1340 688 opud

108 723 236 788 Arabes
257 744 384 810 quoque
404 744 542 797 excusso
563 742 674 810 regum
697 719 936 786 lotnartensium
959 723 1094 805 imperio
1116 728 1252 805 poeseos
1271 735 1340 785 ata·

109 843 195 905 tlium
226 843 371 925 coepisse
402 840 603 906 efflorescere
633 841 695 924 ⁴⁸),
753 839 902 903 Profecto
932 843 961 904 si
991 839 1150 904 libertatis
1179 840 1337 920 etodium,

107 959 254 1045 bellaque
284 980 343 1044 pro
373 961 484 1025 utilem
515 958 652 1024 feliciter
678 971 771 1045 gesta
799 957 856 1021 ulli
885 976 1023 1042 uuquam
1051 954 1172 1041 populo
1202 954 1337 1023 altiores

108 1079 241 1163 spiritus
269 1078 439 1156 addidere,
476 1079 509 1141 itl
540 1076 703 1141 Arabibus
732 1098 772 1140 eo
802 1078 904 1162 megia
927 1076 1253 1160 oontigiaseneeesse
1277 1089 1338 1153 est,

109 1215 173 1280 qno
204 1198 404 1278 appetentior
435 1217 474 1259 aa
499 1200 584 1282 'gans
610 1194 775 1259 libertatis*
795 1207 890 1279 atque
905 1191 1079 1258 -beltomm
1107 1194 1182 1257 inde
1207 1191 1339 1255 ab-au·

110 1313 300 1396 tiquiasimis
345 1312 407 1376 fuit
449 1313 657 1399 temporibus.
722 1311 811 1374 Hino
849 1312 995 1390 foetum,
1048 1325 1085 1375 ut
1123 1310 1340 1396 antiquissimi

109 1429 253 1493 Arabum
285 1439 409 1514 potitae·
426 1437 566 1496 maxime
602 1435 635 1495 in
653 1478 657 1485 .
673 1429 891 1493 describendis
929 1430 1069 1513 pugnis,
1115 1425 1341 1493 infeudandi

25 1522 27 1527 ⁴
110 1547 300 1610 fortitudine
316 1546 446 1612 bellica
473 1563 505 1612 et
528 1550 743 1634 vituperanda
775 1548 906 1628 ignavia
935 1560 1163 1620 versarentur3
1188 1543 1278 1610 'bino
1307 1560 1345 1611 et,

112 1662 365 1745 salebrosissima
386 1664 443 1729 illa
459 1669 634 1730 carminum
651 1664 863 1729 Arabioorunt
878 1661 1082 1749 anthologia,
1105 1666 1156 1728 oui
1169 1664 1339 1731 Hmree

112 1802 249 1860 nomen,
280 1783 413 1847 dimidii
435 1786 487 1848 aui
509 1798 597 1868 parte
623 1780 821 1848 earminibus
844 1783 982 1848 heroicis
1006 1794 1147 1861 oonstat,
1178 1782 1334 1867 aquibus

112 1910 145 1962 et
166 1901 270 1981 omnia
293 1897 350 1964 illa
372 1900 559 1988 anthologia
582 1903 750 1968 Hamarae
772 1904 888 1965 nomeu
911 1903 1026 1987 adepta
1047 1914 1108 1965 est.

650 2105 679 2181 §.
710 2103 793 2167 XX.

114 2310 117 2315 .
179 2251 330 2315 Praeter
353 2252 571 2332 motus-illos,
595 2254 709 2340 quibua
730 2254 807 2316 iude
828 2275 848 2317 a
869 2251 970 2317 s'eouli
989 2256 1124 2318 renaudi
1146 2258 1247 2318 exitu·
1260 2255 1342 2319 Ara·

114 2367 291 2454 bem-geue
310 2372 477 2456 exagitata
494 2373 574 2450 fuit,
598 2386 724 2456 praeter
746 2370 848 2449 bella,
872 2371 1289 2457 qoibnalledrehazauees'
1303 2371 1343 2436 li·

114 2484 390 2553 bertatem.'auam
420 2504 532 2554 ooutra
559 2512 671 2575 regum
693 2488 932 2554 Jemanensiurn
958 2489 1143 2555 violentiam
1169 2492 1343 2557 defendere

115 2607 224 2683 eonati
244 2619 338 2682 suot,
371 2605 455 2669 uliae
478 2629 602 2692 quoque
625 2607 821 2672 aecedebaot
841 2628 974 2685 causae,
1010 2631 1092 2694 quae
1115 2618 1251 2694 poeseos
1273 2625 1341 2676 atu·

115 2725 202 2789 {linet
234 2723 331 2806 apud·
349 2723 473 2789 Arabes
509 2727 667 2789 exultasse
700 2738 795 2810 atqua
829 2727 1024 2811 propagasse
1051 2729 1212 2823 videntur.
1270 2729 1341 2795 Ja'nt

115 2843 263 2925 superios
287 2845 442 2908 monitum
463 2844 543 2923 fuit,
573 2842 751 2908 obtinuisse
774 2841 824 2905 vol
847 2859 921 2907 ante
938 2847 1176 2927 Molomntedr'r
1198 2862 1343 2932 temporo

115 2983 237 3027 rnorem
260 2963 344 3049 apud
365 2961 511 3038 Arabes,
547 2975 583 3025 ut
609 2962 704 3025 fortia
735 2961 892 3044 majorum
916 2963 1019 3042 faeta,
1057 2964 1106 3028 sol
1130 2969 1225 3029 etiam
1248 2963 1342 3030 fletae

116 3077 246 3143 fabulae
268 3082 301 3142 in
329 3078 437 3164 populi
458 3078 668 3143 conventibus
691 3079 731 3143 ab
756 3078 940 3144 bominibus
966 3083 1090 3147 dicendi
1116 3087 1227 3168 peritis
1248 3106 1344 3149 enan·

117 3212 274 3261 narentur.
339 3196 439 3279 cujus
474 3199 573 3259 moris
604 3198 694 3281 origo
713 3217 748 3259 <a
779 3195 931 3279 familiari
968 3199 1131 3265 homiuum
1164 3206 1342 3267 otiosorum

117 3312 380 3381 ooufabalatioue
402 3317 577 3400 repetenda
600 3317 734 3379 videtur.
780 3311 995 3387 Confluebant
1018 3340 1133 3405 nempe
1156 3319 1207 3383 vel
1232 3322 1345 3387 doma-

118 3434 215 3512 stiei,
231 3431 284 3496 rel
307 3434 403 3498 vieini
425 3447 566 3519 ternpore
588 3435 729 3499 maxima
750 3439 935 3520 vespertino
958 3436 997 3498 ad
1019 3434 1115 3501 lenae
1136 3438 1344 3524 splendorem

118 3572 159 3616 eo
187 3549 343 3632 oonsilio,
380 3565 414 3616 ut
438 3555 552 3631 mutua
579 3550 839 3629 confabulatione
869 3569 993 3638 tempos
1020 3554 1178 3620 fallerem.
1231 3557 1275 3622 Iu¹
1293 3559 1344 3625 hle

118 3669 326 3736 eooaessibua
362 3673 528 3748 seniores,
565 3684 672 3755 utpote
704 3675 761 3757 qni
792 3670 963 3737 multarum
999 3693 1107 3739 rerum
1144 3661 1352 3762 experientii-

32 4007 36 4022 ,
133 3940 146 3954 ”
161 3940 219 4024 48)
246 3944 293 4005 l)a
317 3950 444 4024 poiseus
465 3946 592 4007 Arabum
616 3946 736 4029 origiue
760 3955 791 4007 et
813 3948 915 4009 iutlole
938 3947 1144 4030 antiquissimi
1167 3952 1348 4016 oommeu‘ta'·

120 4054 122 4059 '
205 4046 267 4118 tio,
301 4047 416 4108 inserta
438 4047 578 4127 volumini
601 4050 643 4108 lll
666 4056 835 4111 damnauit,
858 4059 984 4114 recenti.
1004 4052 1165 4113 societati·
1187 4055 1347 4120 scientiar}

127 4172 133 4201 ι
165 4172 169 4180 ·
205 4146 343 4230 Gotting.
367 4145 486 4228 pm
546 4198 548 4203 -
732 4147 739 4155 ’
