2904 4942
83 314 145 375 220
363 329 369 342 ·>
534 309 840 386 Persiddcpd.

437 520 441 525 -
560 480 610 555 Ἰς.
640 471 797 537 cxvflt.
857 533 859 536 ,
976 518 982 533 ,

88 628 115 651 v
166 591 429 673 Praeclarorum‚
465 613 546 678 quos
575 594 840 671 memoravimus,
871 592 1012 657 sitorum
1039 589 1236 654 anctoritate
1256 589 1307 652 itt·

81 712 168 777 ducti
191 726 224 776 et
247 713 459 775 recentiorum
482 707 628 774 nonnulli
658 710 800 773 carmina
822 708 986 774 Hebraico
1013 709 1158 772 metricis
1179 703 1306 790 legibus

82 832 232 894 adstricta
255 848 327 893 esse
350 830 597 905 contenderunt,
619 826 770 912 logosque
792 824 867 890 illas
887 826 927 890 ad
949 825 1105 911 liquidnm
1126 823 1307 908 perducere

82 949 188 1010 conati
216 959 301 1009 suut.
351 943 387 1006 ln
418 943 469 1008 bis
499 947 688 1029 praeprimis
712 943 1065 1023 Gomorue‚„Harr‘et,
1095 941 1257 1006 donemus
1276 952 1307 1003 et

81 1063 345 1128 Bellermunnur..
375 1059 575 1126 Frenetecut
599 1061 769 1139 Gomorra,
793 1060 981 1146 Brugeosie‚
1004 1060 1193 1142 Groningae
1209 1078 1304 1142 quon·

82 1182 154 1244 darn
179 1178 362 1264 theologiae
385 1176 575 1263 linguaeque
599 1177 780 1241 Hebraicee
808 1180 988 1263 professor,
1015 1179 1047 1239 iu
1074 1173 1220 1240 laudato¹
1239 1178 1303 1258 jam

79 1294 211 1374 libello,
243 1300 296 1380 qui
319 1296 503 1360 inscribitur
526 1294 671 1359 Decidit
691 1296 782 1376 lyra,
808 1315 838 1359 r.
868 1315 954 1359 noun
973 1293 1132 1358 Hebraeo
1156 1292 1193 1357 S.
1216 1290 1305 1357 Sere

77 1414 202 1498 pturue
224 1434 281 1478 art
300 1421 457 1500 poetice,
487 1433 623 1494 operoso
644 1433 740 1490 sane,
770 1415 827 1476 sed
850 1412 970 1476 infelici
996 1409 1108 1474 labore
1131 1411 1302 1472 metricuut

78 1527 210 1614 linguae
234 1530 416 1595 Hebraicae
439 1542 579 1613 systema
606 1528 762 1613 effingere
792 1545 923 1594 conatus
951 1543 1010 1592 est.
1065 1526 1105 1590 Iu
1125 1529 1231 1611 priori
1253 1548 1310 1610 sy·.

78 1650 223 1710 stematis
253 1646 512 1731 hujusceparte
546 1650 624 1710 certi
653 1650 779 1731 quidam
818 1648 859 1709 de
888 1644 1302 1730 syllabarum-quantitate,

79 1767 239 1848 seriisque
263 1769 378 1852 pedum
401 1780 434 1828 et
453 1767 628 1827 carminum
651 1764 823 1848 generibus
846 1765 1012 1826 traduntur
1033 1782 1195 1840 canones,
1227 1763 1304 1828 sub‹

73 1883 173 1965 jectis
205 1880 364 1967 exstuplis
393 1903 411 1945 s
439 1884 530 1945 sacra
559 1881 782 1945 Hebraeorum
809 1883 900 1964 potiri
931 1881 1055 1964 petitis,
1091 1882 1301 1965 institutisque

76 2018 150 2064 unm
173 1997 372 2063 Graecorum
399 2013 431 2061 et
458 1997 674 2062 Romanorum
703 1999 898 2062 carminibus
920 1994 1108 2075 collatione,
1130 1996 1300 2073 illustrati3

76 2119 234 2201 posterior
255 2118 374 2180 exinde
407 2138 480 2200 pars
502 2119 678 2179 carminum
702 2115 934 2179 Hebraicarum
958 2113 1134 2177 secundnm
1159 2136 1301 2196 canones

76 2233 114 2296 in
134 2234 233 2316 priori
256 2246 344 2315 parte
373 2233 505 2294 traditos
535 2231 680 2312 analysin
713 2231 853 2295 exbibet.
905 2231 1010 2307 Quam
1032 2230 1210 2296 infeliciter
1236 2233 1301 2297 Go-

75 2368 184 2412 tuarus
205 2350 237 2410 in
261 2348 424 2411 tractanda
447 2346 666 2411 Hebraeorum
689 2363 757 2411 arte
786 2351 917 2413 matrimi
946 2346 1174 2426 summouit,
1204 2350 1300 2414 focile

76 2484 119 2528 ex
143 2465 208 2526 orta
230 2459 372 2524 alterive
394 2460 519 2547 legum,
547 2487 626 2549 quas
650 2469 762 2546 tradit,
791 2468 1202 2559 metricarumperspicies.
1248 2467 1299 2532 De

74 2578 272 2664 syllabarum
296 2583 470 2663 quantitate
487 2585 570 2645 inter
593 2595 698 2646 cetera
715 2583 794 2648 baec
814 2598 992 2648 statuuntur
1013 2597 1201 2668 praecepta:
1225 2585 1299 2652 bre·

77 2704 128 2762 ue't
148 2695 275 2780 syllaba
296 2707 365 2775 eet,
397 2719 481 2782 petae
507 2697 606 2762 dubet
629 2699 773 2777 brevem,
802 2698 864 2762 boc
883 2709 933 2762 ert
962 2700 1120 2782 simplicis
1139 2709 1299 2786 temporie

75 2818 236 2890 coculam,-
258 2815 388 2877 vocales
403 2813 516 2881 breues
526 2835 592 2899 per
605 2838 640 2880 re
655 2818 781 2900 quidem
795 2825 871 2880 eant
886 2822 1044 2901 quiaque,
1065 2837 1129 2900 per
1142 2821 1300 2885 ucct'dertt

75 2954 154 2998 cero
169 2941 237 2996 tres
254 2929 474 3008 nocturnae,
490 2952 569 3015 qaut
583 2941 700 3017 reptet
713 2925 851 3008 coeunt}
870 2935 970 3017 longa
987 2933 1113 3015 syllaba
1129 2943 1195 3015 eet,
1214 2959 1300 3022 quae

74 3048 174 3115 babet
195 3049 340 3132 tongam,
364 3068 421 3110 reu
444 3047 585 3133 duplicis
605 3056 760 3132 temporie
782 3051 941 3125 vocalem,
963 3050 1076 3133 paules
1101 3061 1179 3115 aaut
1203 3062 1298 3138 quitt-

74 3146 136 3252 pue
152 3173 278 3228 tuntum
287 3191 299 3240 ,·
321 3164 448 3246 syllaba
468 3165 577 3229 breuis
595 3173 762 3250 positione
778 3186 842 3230 nun
855 3164 907 3243 fit
923 3167 1043 3250 lunga;
1065 3175 1184 3232 contro
1199 3190 1298 3236 cuca·

74 3286 117 3354 lt'e
132 3285 233 3365 longe
257 3281 341 3360 (utet
356 3291 510 3347 occentus
524 3284 723 3366 intercedat)
745 3293 823 3348 unte
843 3284 925 3347 dece
947 3301 1105 3362 contonat
1125 3294 1298 3369 port'tr'orte

73 3407 220 3464 mutetur
240 3401 277 3459 t'tt
296 3394 433 3463 brevem.
486 3398 579 3474 Quae
600 3417 767 3485 praecepta
789 3399 986 3484 diligentiori
1005 3402 1035 3464 si
1057 3400 1216 3485 subjicias
1239 3428 1298 3472 ex·

73 3516 191 3593 amini,
223 3512 461 3597 deprehendes,
490 3516 663 3581 Gomarum
694 3521 797 3603 prirno
825 3519 857 3579 in
882 3536 920 3579 eo
942 3515 1064 3601 lapsum
1086 3537 1178 3597 esse,
1210 3523 1297 3606 quod

74 3630 241 3696 vocalium'
257 3629 490 3696 Hebraicarum
518 3634 772 3698 distributionem
793 3635 826 3695 in
850 3635 987 3718 quinque
1008 3620 1122 3719 longas
1144 3637 1296 3702 totidem·
1327 3644 1330 3649 ’

73 3749 135 3833 q'ue
171 3748 307 3824 breves,
348 3768 367 3809 a
395 3747 589 3812 ludaeorum
621 3752 836 3834 grammaticis
873 3753 1104 3834 excogitatam,
1141 3757 1297 3840 antiquae

72 3863 296 3931 Hebraeorum
318 3861 449 3950 linguae
472 3869 629 3950 propriam
653 3880 791 3949 putaret.
834 3865 931 3950 Atqui
956 3889 1049 3930 nemo
1072 3880 1138 3947 est,
1160 3871 1296 3958 linguae

72 3981 255 4045 Hebraicee
279 3978 330 4042 sel
353 3982 555 4046 mediocriter
575 3987 794 4068 gnarus‚.qui
809 4003 872 4049 non
889 3985 1011 4076 videat,
1026 3984 1296 4069 ,distributionem

21 4132 33 4157 ι
73 4093 162 4161 illam
198 4116 301 4179 neque
335 4096 467 4186 liuguae
501 4099 682 4193 Hebraieae
717 4102 849 4186 ingenio
885 4103 1148 4183 convenientem,
1189 4127 1297 4194 neque
