2904 4942
67 326 143 407 xos
323 332 378 357 ..
565 322 953 400 nanu..,uep.r.··
1019 340 1024 357 =

99 494 200 557 esse.
233 477 383 566 Accedit,
420 484 504 572 quod
531 487 627 551 etde
648 461 825 553 carminum
847 483 977 550 illerum
995 506 1096 551 senen
1117 487 1337 554 diverse-ste-

99 622 191 676 tuent
211 611 421 692 interpretes3
456 601 514 667 ulli
532 626 671 691 nemque
691 607 821 670 nonnisi
853 606 1016 689 proprium
1044 620 1162 690 urgent
1182 590 1346 682 sensum⁸

99 741 215 794 contra
236 724 293 789 elii
314 724 412 790 ultius
433 723 508 809 quid
530 735 625 809 atque
646 724 786 787 divinius
807 721 961 807 indagent
982 721 1047 804 ⁸⁸).
1088 722 1155 787 Sed
1176 725 1335 789 concede-

98 861 168 923 tur,
199 845 344 909 carmina
364 839 421 905 ille
437 843 576 924 mystice
605 862 677 905 esse
705 840 964 924 interpretenda,
997 839 1102 904 sicubi
1130 860 1203 905 enm
1230 845 1335 908 inter-

97 965 310 1052 pretationem
343 968 440 1046 poete
467 953 575 1044 aliquo
599 959 695 1023 modo
715 959 877 1039 innuerit:
913 957 998 1022 haud
1022 971 1129 1022 nmen
1150 961 1228 1024 inde
1250 983 1333 1027 con-

102 1085 216 1168 jicies,
246 1083 465 1143 creantem
485 1083 688 1141 canticorum
710 1079 844 1160 mystice
865 1078 1158 1160 interpretandum,
1194 1099 1267 1143 cen
1291 1100 1334 1144 ne

99 1201 202 1267 verbo
223 1198 353 1284 quidem
374 1194 459 1260 hanc
477 1195 782 1279 interpretationem
794 1195 909 1259 cantici
929 1191 1018 1257 illiue
1038 1202 1156 1259 noctur
1170 1212 1335 1263 commen·

98 1319 236 1384 daverit.
278 1313 339 1398 111)
362 1312 399 1378 si
416 1315 545 1400 proprio
565 1296 663 1377 sensu
677 1312 713 1375 in
726 1312 964 1398 interpretando
983 1320 1332 1381 uustlro'oueds’uoress

98 1438 305 1522 adquiescas,
341 1444 466 1495 tautum
479 1432 604 1510 ¹abest,
639 1446 682 1495 ut·
702 1431 744 1494 ed
766 1429 908 1494 absurde
934 1431 1125 1510 deducaris,
1161 1447 1197 1498 nt
1223 1437 1334 1520 potius

99 1557 210 1620 omnia
237 1555 359 1638 optime
386 1551 538 1627 cedent,
563 1551 659 1614 modo
689 1569 731 1613 ne
759 1557 873 1633 poetee
901 1547 1056 1612 Hebraici
1083 1551 1244 1638 imagines
1265 1574 1332 1638 pro

47 1732 52 1741 .
98 1685 282 1738 nostrorum
305 1668 473 1733 hominnm
495 1683 735 1754 temporumque
756 1688 854 1731 senso
877 1667 1045 1750 dijudices.
1086 1667 1185 1745 Quod
1207 1672 1333 1756 siquis

98 1783 289 1866 contendet,
319 1787 442 1863 offendi
463 1789 497 1852 in
520 1793 651 1852 cantico
673 1792 874 1851 canicorum
901 1782 1007 1865 locos,
1044 1791 1112 1873 qni*
1124 1791 1255 1874 proprie
1274 1810 1329 1854 ee·

99 1910 184 1994 cepti
202 1929 273 1971 cum
292 1906 517 1972 Hebraeorum
532 1905 678 1970 moribus
700 1918 798 1988 atque
817 1905 971 1968 institutis
992 1903 1079 1970 hund
1097 1909 1223 1990 possint
1243 1927 1331 1971 oont-

98 2028 195 2111 poni:
217 2025 347 2104 vident,
373 1994 415 2090 ne
434 2027 517 2088 idem
540 2026 687 2101 eveniet,
709 2024 738 2086 si
759 2018 823 2085 loci
845 2019 895 2084 illi
917 2024 1100 2087 insensum
1123 2022 1332 2110 allegoricum

100 2142 360 2226 detorqueantur.
411 2140 559 2228 Namque
583 2143 617 2205 in
639 2139 777 2224 figurate
803 2142 951 2203 erutione
974 2138 1058 2204 hund
1082 2145 1204 2222 minus,
1232 2156 1332 2229 qnare

98 2260 286 2343 inproprie
308 2257 434 2324 dicendi
458 2282 595 2346 genere,
626 2277 753 2325 morum
775 2258 857 2320 ratio
879 2254 1047 2332 habende3
1081 2259 1165 2344 qood
1188 2259 1263 2321 nisi
1278 2257 1332 2336 lit,

101 2378 205 2451 oratio
227 2373 490 2463 figurate,'qnne
509 2382 577 2464 jum
601 2378 717 2444 ueteri
737 2379 796 2441 sori
818 2375 985 2441 obscurior
1007 2391 1071 2455 est,
1098 2376 1332 2443 obscurissime
1355 2413 1358 2417 ·

62 2571 65 2578 Ι
99 2496 224 2559 eredat.
275 2492 368 2570 Quae
388 2498 487 2583 igitur
510 2501 549 2563 de
573 2497 680 2584 puelli
700 2499 812 2562 vinens
834 2494 1049 2572 custodiente,
1083 2493 1132 2557 rel
1155 2507 1252 2558 noctu
1273 2517 1334 2561 nr-

101 2611 175 2677 bem'
197 2629 384 2697 pererrante
407 2617 440 2678 in
464 2621 594 2679 caelico
617 2621 818 2679 canticorum
841 2615 1027 2691 truduntur,
1050 2634 1071 2677 e
1092 2612 1238 2677 moribns
1260 2612 1334 2677 He-
1367 2677 1370 2681 ⁴

99 2729 269 2795 breeornm
284 2735 341 2796 vix
356 2731 565 2797 abhorruisse
579 2730 783 2796 statuendum
801 2746 867 2812 est3
893 2726 1013 2796 etenim
1024 2733 1053 2795 si
1064 2730 1329 2811 abhorruissent,

99 2856 204 2936 neque
224 2847 398 2936 figurati,
420 2872 529 2937 neque*
554 2851 685 2936 proprisi
706 2851 740 2914 iu
764 2837 915 2914 ortrtione¹
933 2847 1039 2914 locum
1061 2848 1180 2914 holtem
1203 2853 1333 2935 potuis-

97 2970 184 3038 sent.
206 2975 210 2979 ’
235 2967 328 3061 Quae
358 2982 545 3055 praeterea,
578 2970 706 3053 proprie
730 2980 884 3052 eccepto,
919 2969 1002 3031 mire
1024 2969 1202 3047 uidentur,
1239 2966 1331 3033 leand

100 3085 281 3164 offendent,
311 3090 341 3150 si
362 3087 527 3151 ardentem
550 3095 662 3171 potitae
683 3085 819 3151 Asiatici
841 3087 1039 3170 imaginandi
1065 3089 1130 3150 uim
1153 3087 1329 3175 respiciesg

100 3215 212 3267 contre
232 3202 333 3269 multo
353 3202 554 3270 mirabiliora
574 3203 639 3269 nlie
660 3204 869 3284 ridebuntur,
896 3204 926 3268 si
947 3200 1153 3290 allegoricam
1175 3206 1331 3271 serminio

100 3322 250 3385 admittas
282 3324 589 3409 interpretationem.
648 3322 759 3401 Quid,
795 3343 939 3406 quueso,
977 3325 1007 3387 si
1025 3320 1264 3387 adolescentuli
1289 3337 1331 3389 et

99 3414 226 3524 pne'llee
246 3446 383 3525 pereuni
399 3443 481 3506 Jove
502 3440 700 3528 populusque
717 3440 917 3518 Hebrelcus,
938 3438 990 3504 rel
1008 3439 1157 3506 Christus
1175 3455 1211 3506 et
1226 3440 1332 3507 ecels-

99 3559 149 3620 sin
162 3554 346 3624 Ghristiane
362 3559 475 3641 latent,
498 3562 587 3647 quid,
609 3563 756 3646 inquam,
771 3560 836 3625 ribi
857 3557 969 3623 volunt
985 3562 1217 3647 descriptiones
1239 3559 1330 3642 illae,

98 3694 182 3760 ques
205 3675 524 3762 cup.·V,*10-·16,
546 3678 630 3761 vlt,
654 3687 727 3743 2-
743 3685 783 3757 8,
803 3677 980 3742 bubentnrl
1001 3678 1135 3745 ¹Nonne
1156 3680 1330 3745 ridiculose

72 3848 76 3852 .
99 3791 237 3877 videtur,
257 3796 357 3861 loves
376 3812 520 3864 ventrem
542 3798 717 3864 eburneum
730 3816 896 3882 cruraque
917 3818 1115 3876 marmoren,
1141 3797 1330 3885 populoque

66 3945 308 3963 'anunm-..-

93 4061 96 4067 '
143 4048 201 4130 58)
224 4053 319 4112 dones
335 4046 606 4115 'commentarii-de
628 4012 713 4133 puisi
734 4051 890 4128 Asiatici,
917 4074 956 4114 ex
979 4054 1052 4115 edit.
1073 4055 1275 4131 llicltltoruil',
1293 4076 1328 4138 p.
1347 4061 1351 4065 '

105 4192 116 4211 -.
168 4152 408 4215 stes-dett..
482 4168 485 4175 ·
551 4186 587 4211 ι.
622 4178 658 4215 ηε
1226 4174 1323 4213 .=·.·=·.-·
