2904 4942
409 319 450 378 Dc
471 323 540 394 nuto
562 322 719 380 coruinum
742 320 954 382 Hebraicorttm.

596 500 692 572 :aput
712 488 796 556 rrbu
812 487 902 557 aruba

524 619 583 673 orn
604 620 665 672 nm
684 616 773 675 niun
794 619 904 695 menn

558 734 637 789 :usn
662 724 769 792 nurui
793 722 901 793 aaran

252 833 358 901 ·Cum
377 839 484 902 exiret
502 837 617 904 Israel
640 862 682 905 ox
704 842 869 927 Aegypto,

139 1041 143 1045 .
273 954 399 1020 Domus
420 955 541 1049 Jacobs·
560 981 578 1023 e
600 959 718 1044 populo
742 960 877 1024 barbare
899 959 1070 1048 loquente,

274 1073 385 1137 Evasit
404 1073 495 1139 luda
517 1097 642 1140 sacrum
665 1080 756 1162 ojus,

272 1190 387 1256 Ιηαέί
405 1193 579 1259 dominium
602 1199 684 1280 ejus.

272 1308 366 1373 Mare
384 1311 464 1375 vidit
486 1311 647 1399 fugitque,

271 1426 435 1494 iordanes
451 1435 608 1496 convertit
628 1454 665 1498 se
687 1449 882 1518 retrorsum3

273 1544 404 1621 Montes
423 1547 643 1617 subsilueruut
664 1557 746 1619 sicut
766 1558 901 1632 arietes,

272 1661 381 1729 Colles
403 1669 498 1731 sicuti
517 1667 595 1753 polii
618 1674 738 1736 ovium.

273 1781 358 1861 Qutu
375 1784 451 1864 tibi,
477 1807 582 1867 mare,
606 1791 688 1873 quod
711 1791 850 1876 fugeris,

271 1900 454 1982 iordanes,
478 1905 561 1989 quod
584 1921 758 1971 retrorsum
780 1921 810 1969 te
834 1907 1045 1983 converteris,

271 2020 421 2101 Montes,
444 2025 528 2108 quod
550 2024 767 2089 subsilueritis
788 2025 874 2088 sicut
893 2025 1030 2102 arietet,

271 2136 397 2220 Colles,
419 2143 516 2205 sicuti
536 2139 614 2225 puttt
636 2142 764 2206 oviumi

270 2257 351 2321 Prae
372 2275 542 2343 conspectu
565 2259 697 2324 Domini
717 2262 938 2339 contremisce,
960 2271 1063 2340 terra,

269 2375 350 2439 Prae
373 2392 543 2461 conspectu
565 2375 628 2440 Dei
650 2377 786 2454 Jacobs,-

271 2491 335 2569 Qui
357 2516 472 2559 saxum
495 2498 651 2559 convertit
672 2499 706 2560 in
729 2511 878 2582 stagnum
901 2514 1074 2580 aquarum,

268 2610 454 2676 Sitioenta
477 2613 597 2677 fontem
619 2634 784 2699 aquarum.

144 2728 305 2794 Carminis
327 2729 424 2814 hujus
446 2730 526 2796 haec
541 2733 610 2796 fero
625 2734 810 2817 dispositio:
833 2752 906 2796 cum
919 2732 1000 2797 Jova
1019 2728 1168 2816 populum
1183 2753 1278 2797 suum
1317 2751 1321 2763 ·

58 2873 101 2915 ex
123 2849 270 2934 Aegypto
290 2849 457 2928 educeret,
485 2853 558 2936 ipsa
587 2871 693 2914 rerum
725 2863 839 2914 natura
867 2849 939 2930 ejus
968 2847 1280 2943 obtemperavitvo·

57 2967 184 3033 luctati.
229 2966 294 3044 Qui
316 2966 377 3032 hoc
398 2967 537 3032 factumi
569 2967 706 3041 Merit03
728 2971 847 3031 etenim
869 2964 950 3030 Jove
972 2969 1221 3051 potentissimus.
1239 3009 1277 3020 -

58 3086 182 3168 Vides,
204 3099 322 3171 quanta
343 3089 385 3151 sit
405 3088 437 3149 io
456 3086 656 3172 disponenda
677 3085 811 3149 rnateriti
826 3085 1030 3183 simplicitas}
1054 3108 1156 3171 neque
1174 3090 1278 3153 minor

57 3209 90 3272 in
114 3206 279 3271 tractanda
301 3206 500 3290 conspicitur.
542 3202 679 3283 Nullae,
703 3224 805 3291 oeque
826 3204 859 3267 iu
883 3203 1149 3291 cogitationibus,
1173 3227 1276 3292 neque

58 3327 93 3388 in
116 3322 223 3387 vorbis
248 3322 419 3409 ambages,
449 3321 495 3385 nil
517 3324 600 3409 quod
631 3326 748 3387 nexum
773 3325 1002 3407 interrumpat,
1031 3337 1085 3386 aut
1108 3323 1172 3388 aiio
1193 3346 1277 3409 quo·

57 3447 108 3508 vis
130 3441 227 3506 modo
248 3439 399 3506 iectorem
421 3442 591 3527 impediat,
616 3443 726 3505 omnia
747 3439 842 3526 plane
864 3455 896 3502 et
919 3442 1066 3525 expedite
1087 3444 1273 3527 procedunt.
1392 3476 1395 3485 ·

54 3561 164 3626 Possit
185 3573 289 3624 tamen
313 3557 427 3644 aliquis
450 3560 611 3644 objicere,
643 3579 854 3642 synonymum
881 3555 972 3621 illum
999 3557 1274 3627 hemistichiorum

53 3676 324 3766 parallelismum‚
357 3676 581 3743 Hebraeorum
613 3681 704 3764 poeni
732 3675 1036 3773 familiarissimum,
1069 3699 1130 3762 quo
1160 3678 1274 3742 cadem

53 3798 213 3862 sententie
241 3795 309 3871 bis,
346 3796 411 3858 imo
441 3792 586 3880 pluribus
614 3798 773 3862 interdum
810 3795 952 3873 vicibus,
992 3796 1120 3858 mutatis
1151 3806 1273 3859 tautum'

51 3915 180 3992 verbis,
204 3915 411 3998 exprimitur,
432 3917 586 3978 orationis
608 3913 805 4000 simplicitati
828 3917 861 3979 in
885 3912 1079 3978 carminibus
1100 3911 1272 3976 Hebraicis

51 4033 138 4099 baud
162 4053 271 4119 parurn
295 4029 438 4096 officere.
462 4068 505 4079 -
535 4031 669 4119 Siquid
689 4036 889 4117 judicamus,
919 4031 1152 4118 parallelisruus
1175 4053 1271 4114 syuo-

51 4172 168 4236 uymus
190 4153 345 4216 orationis
364 4148 564 4237 simplicitati
594 4151 676 4215 adeo
705 4173 769 4217 uon
796 4151 916 4230 officit,
948 4167 982 4216 ut
1011 4153 1117 4236 potius
1144 4151 1178 4213 iu
1207 4147 1270 4213 hoc
