2904 4942
147 313 210 374 106
602 309 674 369 Pcrr
694 310 751 370 ΙΙΙ.
795 311 866 387 Gap.
894 310 919 368 1.

542 516 545 521 -
616 479 697 575 [ς.
733 472 842 539 LXII.

204 592 449 679 *Habiaeomm
473 609 571 673 vitem
600 629 769 697 moresque
797 614 826 676 si
856 621 999 696 spectes,
1031 595 1267 692 antiquioribus
1289 617 1367 669 tam·

142 730 294 819 poribus,
317 725 556 795 steatomata
569 743 671 814 usque
683 731 871 813 imperium,
895 714 1124 812 simplicissimi
1139 724 1243 789 inere.
1272 721 1368 786 Mon·-

142 850 246 929 tibus,
278 849 359 912 mari
381 847 578 930 desertisque
600 867 620 908 a
638 844 761 932 reliquo
786 861 941 912 terrarum
965 845 1043 910 orbe
1065 841 1209 908 seclusus
1230 838 1366 926 populor

133 967 324 1033 'Hebraious
357 965 486 1027 nonnisi
506 965 569 1026 ¹'rel
604 967 773 1050 pecuariae
808 984 1021 1052 agrorumque
1056 960 1199 1026 culturae
1235 978 1366 1044 opera!

132 1064 290 1150 'uambae
318 1077 415 1145 -Cum
436 1062 614 1167 peregrinis
635 1082 804 1167 gentibue,
827 1056 952 1169 praeter
973 1080 1112 1160 bellum,
1134 1077 1258 1143 nullutn
1279 1099 1364 1155 eoru·

142 1203 316 1274 mercium;
346 1221 444 1283 quare
470 1221 572 1286 neque
601 1214 707 1265 mores
727 1193 910 1287 peregrini,
941 1210 1045 1287 neque
1067 1200 1217 1278 divitiae,
1247 1195 1374 1281 quibus

139 1284 250 1386 mores¹
268 1331 533 1403 corrumpuntur,
553 1319 587 1380 iu
612 1315 826 1384 Palaestinam
849 1319 958 1383 mvehi
979 1330 1137 1404 poteraut.
1179 1316 1361 1380 Literarum

61 1414 64 1419 ⁵
140 1453 234 1522 atque
257 1437 461 1500 scientiarum
480 1435 585 1499 studia
602 1437 691 1520 parvi
707 1439 884 1517 aestimata,
906 1449 939 1501 et
952 1437 1080 1501 nonnisi
1096 1457 1115 1499 a
1130 1432 1362 1509 sacerdotibus,

139 1555 246 1619 levitis
262 1551 487 1638 prophetisque
510 1551 741 1637 aliquantulum
764 1555 890 1620 exculta
898 1582 906 1637 3
928 1577 990 1641 quo
1007 1558 1143 1630 lactum,
1167 1564 1203 1629 ut
1219 1548 1362 1614 Hebraei

137 1673 325 1759 longissime
341 1669 381 1735 ab
398 1672 437 1735 esi
450 1669 600 1734 abessent
622 1674 824 1755 eruditione,
846 1695 939 1760 quam
956 1676 1040 1737 inter
1059 1675 1208 1756 antiquos
1227 1666 1361 1753 populos

138 1792 310 1878 Aegyptii,
331 1787 528 1865 Phoenices,
550 1788 774 1881 Hebraeorum
791 1793 907 1869 vicini,
929 1812 1065 1854 necnon
1082 1789 1198 1853 Graeci
1211 1786 1361 1850 Romani·

141 1933 202 1998 que
228 1909 390 1974 consecuti
413 1920 498 1971 sunt.
561 1905 591 1972 A
614 1898 796 1974 Saleianum
816 1909 892 1972 inde
915 1911 1050 1994 imperio
1073 1908 1112 1972 ad
1141 1905 1232 1970 exilii
1255 1904 1360 1987 Baby·

136 2028 235 2093 lonioi
262 2046 362 2110 nsque
387 1998 530 2109 tempora
553 2023 712 2088 Hebraeis
740 2029 871 2089 omnino
900 2040 932 2090 et
962 2046 1032 2089 oum
1063 2028 1183 2089 exteris
1211 2023 1376 2109 gentibus·

95 2170 97 2175 ·
137 2146 266 2232 aliquod
279 2145 460 2207 intercessit
480 2118 722 2222 continenciam,
746 2123 811 2206 imo
825 2146 908 2207 iuter
924 2146 1083 2228 primores
1100 2142 1207 2230 populi
1230 2143 1360 2204 divites·

138 2285 199 2349 que
220 2261 349 2324 luxuria
370 2283 496 2346 quoque
518 2263 659 2345 grassari
677 2251 801 2344 coepit3
824 2273 856 2322 at
877 2282 954 2327 vero
983 2264 1086 2345 major
1105 2260 1286 2345 meliorque
1306 2281 1361 2344 po·

136 2360 204 2468 puli
225 2402 316 2464 pars,
340 2382 538 2465 paupertati,
568 2399 663 2462 saepe
682 2381 779 2441 etiam
807 2380 946 2461 injuriae
969 2382 1183 2464 potentiorum
1206 2377 1360 2456 obnoxia,
1386 2370 1389 2375 ’

138 2499 314 2583 apristiuri
337 2498 423 2561 vitae
447 2517 635 2581 morumque
662 2493 867 2587 simplicitate¹
886 2518 997 2580 parum
1019 2499 1163 2565 descivit.
1214 2497 1263 2559 Ea
1284 2516 1360 2559 vero

137 2619 222 2681 vitae
249 2618 435 2700 morumque
457 2612 644 2698 simplicitas
666 2635 730 2676 nou
755 2619 859 2698 potuit
882 2636 944 2677 non
965 2618 999 2677 iu
1023 2617 1110 2678 omni
1133 2597 1360 2678 Hebraeorum

138 2735 319 2821 cogitandi,
340 2735 499 2796 sentiendi
517 2730 731 2818 loquendique
745 2734 1040 2818 rationeconspici.
1079 2731 1188 2809 Quare
1204 2737 1239 2797 iu
1255 2736 1360 2798 ornei-¹

35 2908 39 2916 .
136 2853 197 2918 bus
227 2851 450 2916 Hebraeorum
484 2851 640 2940 scriptis,
665 2851 800 2934 proinde
834 2864 866 2913 et
894 2853 927 2913 iu
956 2859 1119 2935 petitarum
1152 2853 1360 2916 monimentis

136 2983 228 3057 grata
244 2948 399 3055 quaedam
415 2968 542 3032 dicendi
568 2969 765 3051 simpliciter
785 2967 1042 3053 deprehenditur.

646 3128 1009 3233 ς.ιΧ1Η.’.,

183 3320 186 3324 ’
206 3304 353 3368 -Praeter
372 3300 462 3367 illam
485 3305 571 3369 vitae
596 3325 786 3392 moramque
813 3304 1047 3392 simplicitatem
1077 3309 1276 3373 etinstituta‘
1299 3333 1358 3396 po·

136 3422 204 3510 pali
223 3421 397 3498 Hebraici,
412 3434 484 3484 tum
508 3443 617 3502 sacra,
642 3441 708 3487 tutu
730 3423 856 3503 civilia,
879 3422 1014 3504 multem
1030 3423 1070 3486 ad
1092 3433 1360 3509 poetarumseu-

128 3542 237 3607 -tiendi
259 3541 451 3624 dicendique
470 3508 636 3605 rationem'
648 3540 789 3606 valuere.
814 3541 946 3607 Omnia
966 3541 1188 3608 Hebraeorum
1205 3549 1359 3613 *teneura

136 3661 175 3723 ad
196 3659 302 3723 Deurrr
324 3671 484 3721 auctorem
506 3660 743 3735 referebantur3
767 3682 786 3723 a
807 3660 878 3724 Deo
900 3657 988 3745 leges
1010 3659 1173 3727 Mosaicae
1195 3663 1359 3744 proiectae

137 3776 365 3850 credebantur3
395 3775 457 3839 Dei
480 3780 609 3840 nemine
630 3778 943 3862 atqueuuoturitate:
957 3800 1049 3863 reges
1072 3780 1252 3861 summique
1273 3801 1358 3865 pon·

136 3893 259 3971 tifioes,
294 3897 370 3980 qnia
398 3897 463 3958 imo
495 3918 608 3969 ornnes
646 3910 753 3959 rerum
787 3916 949 3999 sacrarum
977 3894 1184 3979 civiliumque
1215 3898 1358 3962 ministri

138 4013 338 4098 provinciam
359 4034 451 4075 suam
473 4014 698 4077 administrare
719 4011 920 4097 putabantur.
937 4012 1058 4092 Adde,
1081 4013 1167 4098 quod
1188 4024 1221 4075 et
1241 4027 1358 4097 omnes,

137 4127 246 4215 populi
269 4128 422 4194 Hebraici
444 4150 554 4206 casus,
584 4127 634 4191 vel
656 4130 804 4208 s'ecandi,
837 4128 887 4192 vel
909 4132 1054 4220 adversi,
1081 4151 1101 4194 a
1124 4131 1196 4195 Deo
1216 4122 1359 4200 immissi
