2904 4942
486 320 489 325 ·
566 302 699 361 Parate
745 303 913 401 Gop.1.‚
1003 340 1006 345 .
1064 334 1067 339 .

600 473 628 545 i·
657 468 826 534 XXXIX.
904 504 907 509 ·

166 619 240 683 'Arl
260 616 390 701 lyricam
416 624 549 705 poesin,
571 634 603 685 et
625 622 751 707 quidem
774 620 813 683 ad
836 620 1026 682 erotlcornm
1051 622 1228 682 carminum
1251 640 1349 707 spe-¹

12 780 14 784 1
105 741 204 815 ciem,
226 736 498 822 elegantissimum
516 738 596 803 illnrl
612 745 774 802 cancticum
792 743 991 801 canticorum
1008 737 1222 800 referendum.
1258 737 1330 801 Etsi

105 858 244 920 eroticae
271 854 494 919 Hebraeorum
526 865 660 941 poeseos
693 858 822 919 unicum
852 841 885 919 i'd
916 857 1054 939 supersit
1076 829 1348 933 monimentum,

37 1043 43 1059 N
87 975 189 1038 lraod
212 988 319 1038 tamen
343 971 569 1051 dubitandum,
597 973 676 1038 illud
699 983 836 1059 poeseos
856 994 958 1058 genus
979 971 1139 1036 Hebraeis
1161 985 1328 1056 acceptum

104 1108 137 1158 et
152 1091 315 1172 excultum
338 1092 448 1157 fuisse.
494 1090 645 1168 Constat,
669 1113 820 1175 sponsam
843 1093 926 1176 apud
950 1090 1119 1153 Hebraeos
1142 1103 1236 1153 cantu
1260 1112 1330 1154 mu·

104 1214 234 1294 siooque
256 1203 328 1272 lusu
350 1209 383 1270 in
406 1178 520 1293 sponsi⁴
537 1211 665 1273 domum
684 1202 856 1273 deductam'
868 1208 967 1273 fuisse
986 1211 1055 1291 64);
1078 1211 1141 1294 qui
1158 1210 1330 1272 occasione

105 1342 190 1391 certe
220 1340 253 1390 et
282 1329 437 1389 amatoria
466 1330 610 1391 carmina
637 1311 856 1392 cantabantur.
908 1325 1028 1404 Notum
1053 1340 1102 1389 est
1129 1328 1331 1392 externiue

106 1468 173 1531 cap.
192 1444 234 1520 V,
258 1451 317 1526 ta,
343 1444 475 1524 XXlV,
499 1453 535 1524 8,
559 1451 597 1524 9,
628 1447 667 1509 ad
691 1444 855 1530 epularum
877 1446 994 1532 gandia
1015 1457 1143 1508 cantum
1168 1444 1330 1507 citharae-

1 1560 3 1564 ’
106 1585 166 1649 que
190 1576 221 1626 et
241 1563 390 1641 tibiarum
411 1563 518 1634 lusum
540 1565 717 1628 adhibitum
741 1565 857 1639 fuisse3
881 1577 914 1628 at
935 1554 1010 1628 nero
1032 1564 1192 1650 quodnam
1215 1566 1330 1627 carmi·

107 1704 180 1746 num
205 1704 307 1768 genus
329 1682 529 1767 potatoribus
553 1686 724 1773 conuenire
747 1687 849 1770 magis
876 1686 996 1768 potuit,
1027 1702 1125 1767 quam·
1142 1681 1333 1745 Anacreon·

61 1802 65 1812 '
105 1803 221 1879 ticum,
254 1801 338 1885 quod
362 1803 429 1864 vini
459 1815 656 1866 eternorum
686 1805 804 1887 gaudia
834 1799 1033 1867 celebraretl
1071 1798 1151 1864 Inde
1181 1797 1325 1885 colligas,

105 1919 190 1982 haud
221 1918 360 1984 defuisse
390 1914 551 1984 Hebraeis
579 1913 722 1985 carmina
752 1925 923 1997 amatoria,
966 1940 1098 2004 quorum
1129 1922 1258 2005 jactura
1291 1937 1329 1980 eo

105 2040 209 2123 magis
238 2037 398 2114 dolenda,
438 2058 502 2120 qno
532 2043 635 2124 magis
664 2044 792 2104 unicum
822 2036 899 2102 illud
936 2040 1075 2101 eroticae
1104 2036 1329 2100 Hebraeorum

104 2128 240 2241 poeseos
262 2166 432 2238 superstes
446 2155 674 2219 monimentum
698 2169 729 2219 et
750 2157 921 2220 effectuum
944 2158 1075 2236 ardore,
1091 2135 1130 2217 'et
1151 2155 1330 2238 imaginum

46 2313 48 2320 ·
106 2272 274 2357 splendore
287 2293 367 2335 sese
390 2274 600 2338 commendat.
647 2272 697 2337 Ad
716 2277 868 2341 creticam
891 2278 1005 2360 poe'sin
1024 2287 1150 2359 praeter
1171 2274 1330 2335 canticum

107 2393 303 2455 canticoram
334 2404 366 2453 et
393 2389 534 2475 psalmus
563 2392 663 2457 XLV
692 2416 714 2476 a,
734 2393 897 2458 nonnullis
925 2394 1071 2457 refertur.
1123 2390 1160 2453 ln
1183 2387 1235 2452 his
1258 2389 1331 2452 Ru-

107 2511 282 2595 dingerus,
309 2508 445 2573 Grotius
467 2508 603 2595 aliique,
636 2515 690 2596 qui
710 2509 872 2575 laudatum
896 2509 1053 2596 psalmum
1076 2504 1329 2594 epithalamium,

93 2616 277 2693 ‘Solomone'
297 2629 431 2713 ejusque
456 2632 566 2708 oxori,
595 2629 783 2694 Pharaonis
804 2629 910 2711 filiae,
941 2631 1101 2707 dicatum,
1129 2627 1327 2707 existimant.

54 2824 60 2843 Ι
106 2746 230 2810 Verum
254 2748 282 2810 si
304 2747 375 2831 quis
398 2744 554 2829 psalmum
570 2744 659 2811 illum
676 2751 856 2813 accuratius
871 2746 1040 2832 relegerit,
1061 2742 1219 2829 intelliget
1236 2764 1328 2821 rane,

106 2885 305 2950 nequaquam
327 2884 399 2927 esse
421 2885 550 2928 carmen
573 2870 778 2946 amatorium,
809 2868 865 2930 sed
892 2844 998 2952 potius
1021 2865 1102 2928 odeo
1125 2865 1158 2925 in
1182 2865 1329 2947 ignotum

105 2971 244 3067 aliquem
266 3002 395 3069 regem,
424 2983 562 3047 fortasse
583 2983 774 3065 Persarum,
804 2988 895 3069 cnjus
916 2983 1135 3077 pulchritudo,
1161 2981 1329 3058 fortitudo,

103 3102 230 3194 justitia
253 3114 345 3183 atque
365 3084 604 3184 magnificentia
621 3103 801 3168 laudantur.
835 3102 936 3199 'Quae
959 3103 998 3165 de
1016 3103 1103 3186 regis
1125 3120 1227 3163 uxore
1250 3095 1330 3175 illic,

59 3206 62 3211 ¹
98 3200 331 3295 *nlo-16,
368 3216 548 3298 habentur,
585 3225 713 3286 nonnisi
740 3224 779 3286 a'd
807 3224 909 3308 ipsius
938 3223 1025 3305 regis
1058 3215 1330 3304 magnificentiam

107 3337 324 3400 exornandam
348 3334 523 3400 memorata
544 3338 692 3402 videntur
710 3342 772 3421 6⁵).

110 3542 314 3551 -———-—.-

40 3698 50 3709 ·
127 3676 204 3750 ot)
228 3679 292 3738 Jer.
312 3678 384 3750 Vll,
407 3676 464 3749 34,
488 3679 583 3751 XXV,
608 3680 658 3739 10.
740 3695 743 3702 ’

149 3826 207 3907 65)
237 3831 322 3894 Quae
352 3827 382 3886 in
419 3830 524 3908 psalmi
556 3832 680 3910 hujusce
710 3830 905 3912 inscriptione
936 3843 1097 3899 occurrunt
1130 3835 1221 3895 verbo
1261 3851 1326 3903 nutu

193 3944 296 3993 namn*
324 3949 477 4009 perperam
500 3951 519 3990 a
539 3933 690 3992 nonnullis
711 3940 867 4006 uertuntur
888 3955 999 3996 carmen
1019 3942 1198 3997 amatorium.
1251 3938 1328 3996 Pro·
1361 3972 1364 3981 ·

193 4032 258 4111 prie
279 4033 373 4093 verita
392 4033 446 4092 illa
467 4043 597 4093 sonante
629 4054 740 4094 carmen
760 4042 947 4107 suavitatum,
985 4040 1006 4098 i.
1029 4057 1056 4098 e.
1082 4058 1200 4098 carmen
1222 4059 1326 4109 suave,

179 4140 363 4207 'venustum
378 4129 474 4213 Ιἆσμα
495 4132 693 4217 προςφιλίας,
717 4137 807 4240 sicuti
829 4140 938 4220 Aquila
960 4140 1181 4218 interpretatum
