2904 4942
67 374 70 380 ,
105 313 146 372 12
322 309 325 313 ·
577 312 648 371 rm
669 313 692 369 1.
738 312 806 388 cop.
829 311 853 369 1.

1 531 11 548 ,
104 479 247 556 videtur,
270 480 351 562 quod
366 475 441 542 libri
456 489 567 541 auctor
588 479 726 540 orationi
747 477 908 562 poe'tieee,
931 477 1067 561 quaein
1089 475 1161 560 ipso
1184 476 1326 539 carmine

104 610 235 682 regnet,
259 598 389 660 nomina
412 587 474 673 bn,
497 598 599 672 nubre,
624 595 762 663 orationi
784 606 889 657 nutem
911 595 1070 678 pedestri,
1093 614 1175 678 qune
1193 594 1227 656 In
1248 614 1326 678 pro-

104 711 181 798 logo
202 713 300 798 etque
320 712 446 799 epilogo
469 710 622 791 hebetur,
651 733 768 775 nomen
790 727 870 779 rrum
890 713 1062 776 convenire
1084 713 1187 796 magis
1211 711 1327 773 existi·

104 847 214 895 meret.
265 829 379 917 Neque
407 836 436 897 ie
466 828 695 896 vocabulorum
723 829 853 895 illorum
883 852 960 894 usus
981 828 1062 894 iota·
1088 843 1210 893 tentum
1238 824 1326 890 libro

103 946 291 1032 peculiaris3
315 951 456 1034 quinimo
470 952 505 1014 in
521 951 704 1013 uniuersum
723 949 944 1025 statuendum,
965 969 1081 1012 nomen
1098 963 1190 1027 muru,
1213 967 1326 1031 quam·

103 1071 153 1133 vis
176 1080 208 1133 et
229 1071 264 1130 In
286 1065 379 1132 libris
402 1069 537 1154 poeticis
564 1068 692 1150 saepius
722 1078 887 1144 oeenrret,
916 1067 1056 1150 pedestri
1084 1081 1190 1131 iernen
1221 1064 1325 1148 magis

104 1187 242 1250 orationi
271 1188 434 1271 proprium
464 1206 536 1249 esse
552 1200 570 1266 3*
600 1199 711 1250 eontra
740 1183 898 1249 voeabula
926 1188 991 1266 hu,
1025 1188 1130 1264 subu,
1169 1205 1190 1245 a
1217 1182 1323 1266 poe'tis

102 1305 242 1368 maxime
265 1305 414 1390 usurpari
440 1307 505 1386 ¹²).

229 1422 296 1506 ΙΙΙ)
328 1421 424 1498 Quod
446 1425 479 1487 in
502 1419 583 1487 Joot·
602 1419 688 1513 libro
716 1421 839 1487 obtinet
867 1421 995 1487 dicendi
1025 1442 1127 1508 genus
1153 1415 1326 1503 evulgari

103 1541 230 1637 quidem
262 1562 411 1623 sermone
437 1540 579 1619 recedit,
616 1560 719 1624 neque
748 1553 854 1604 tamen
883 1543 959 1606 inde
989 1543 1168 1624 conjicies,
1202 1535 1321 1599 librum

101 1656 191 1723 illum
214 1673 288 1724 ente
303 1659 411 1725 Morio
432 1673 571 1724 estatem
592 1660 802 1742 compositum
817 1659 928 1723 fuisse.
957 1656 1010 1740 ¹In
1031 1657 1180 1722 omnibus
1201 1653 1323 1740 linguis

100 1780 203 1841 oratio
229 1780 354 1862 poetice
368 1797 395 1839 n
416 1773 543 1860 vulgari
564 1777 765 1861 pedestrique
788 1798 937 1869 sermone
959 1779 1098 1854 reoedim
1126 1779 1160 1839 in
1182 1774 1319 1837 eundem

21 1897 26 1921 ·’
100 1897 230 1959 modum
252 1908 285 1957 et
306 1896 465 1979 poe'tinum
488 1895 616 1959 dicendi
637 1915 771 1978 genus,
794 1896 879 1979 quod
907 1896 941 1957 iu
969 1892 1051 1958 John·
1076 1891 1161 1956 libro
1193 1905 1316 1976 regnet,

98 2033 118 2076 e
147 2016 286 2098 pedestri
314 2011 472 2077 librorum
503 2013 728 2077 historicorum
763 2032 912 2076 sermone
942 2010 1091 2075 declinat.
1150 2013 1319 2096 Perpemm

81 2147 204 2194 tentem
234 2132 390 2208 sumitur,
427 2151 521 2215 quam
549 2128 687 2214 plurime
708 2133 742 2194 in
762 2129 844 2195 John·
863 2128 947 2194 libro
972 2151 1140 2194 oeonrrere
1163 2130 1321 2195 voeabula

79 2251 140 2328 ,eti
161 2246 417 2334 significatione,
451 2268 531 2333 quae
553 2246 605 2311 vel
627 2260 701 2312 ente
723 2248 868 2327 Mosen,
898 2246 950 2312 vel
972 2248 1080 2313 Moris
1105 2261 1210 2312 aetate
1232 2247 1320 2313 obti-

99 2365 224 2441 nnerit,
260 2377 372 2448 posteo
394 2385 470 2428 vero
496 2387 538 2430 ex
562 2365 727 2431 hominum
751 2389 811 2432 usu
834 2370 1011 2434 evanuerit.
1060 2363 1205 2451 Namque
1234 2370 1320 2453 qnod

99 2479 240 2566 exempli
268 2484 365 2546 onesi
393 2482 542 2547 adferunt
564 2504 741 2570 pronomen
764 2491 784 2550 3
805 2507 888 2570 pers.
911 2507 1007 2551 muse.
1029 2504 1109 2563 torn,
1148 2483 1229 2551 Jubt'
1248 2507 1320 2572 esp.

98 2597 239 2676 XXXI,
264 2605 321 2677 tt,
344 2599 492 2664 feminini
507 2601 579 2667 loeo
593 2603 790 2682 adhibitum,
811 2604 1028 2669 ernhairmnm
1050 2606 1177 2690 quidem
1194 2606 1322 2672 vIdetur

38 2759 42 2773 ·
99 2714 264 2797 redolere3
288 2717 346 2782 sed
368 2722 489 2783 nemini
511 2740 578 2786 non
601 2724 820 2801 notissImnm,
842 2725 937 2788 etiam
959 2724 1093 2788 serioris
1113 2724 1186 2786 aevi
1207 2732 1320 2807 poetes

98 2835 140 2898 nd
169 2837 387 2901 exornandam
417 2841 597 2904 orationem
626 2839 711 2904 hand
744 2863 819 2905 tero
847 2843 987 2925 entiqnis
1017 2837 1234 2927 obsoletisque
1271 2846 1320 2908 uti

89 2950 274 3018 'vooebnlie
315 2951 467 3034 Aoeedit,
490 2956 573 3041 qnod
591 2979 765 3040 pronomen
786 2957 866 3024 illud
887 2961 1000 3024 eodem
1017 2960 1114 3025 modo
1134 2970 1166 3023 et
1186 2957 1318 3046 IRegg.

99 3089 168 3154 esp.
189 3069 309 3149 XVII,
335 3076 391 3146 153
422 3071 488 3138 Jes.
510 3065 636 3152 XXX,
656 3080 715 3154 33,
746 3077 953 3152 uthbeatnr3
988 3098 1091 3161 neque
1112 3090 1218 3151 temen
1242 3080 1317 3144 inde

99 3186 173 3273 quid
200 3189 372 3271 noujieint,
416 3194 553 3274 priorem
580 3195 708 3279 Regum
735 3193 877 3272 librum,
921 3191 972 3256 vel
1000 3194 1138 3260 Jeeat'ae
1166 3198 1317 3263 vetieinie

99 3316 174 3368 unte
196 3304 303 3371 Moeri
324 3319 462 3374 aetatem
483 3315 661 3397 conscripta
683 3314 794 3377 fuisse.
837 3313 1010 3398 Perpeuem
1030 3329 1125 3398 porro
1148 3317 1315 3394 adseritur,

97 3422 234 3489 -verbuut
256 3441 322 3518 ,ηιξ
350 3430 479 3494 nonnisi
500 3432 535 3492 in
556 3429 637 3494 Jodr'
663 3430 746 3495 libro
768 3429 995 3516 Geneseosque
1024 3453 1095 3516 oep.
1118 3431 1316 3512 XXXVIII,

99 3546 158 3619 26,
174 3632 176 3639 Ι
192 3541 427 3629 significatione
451 3545 602 3631 probum,
637 3551 813 3634 integrum,
846 3551 1006 3613 insontem
1033 3572 1125 3629 esse,
1159 3556 1317 3638 usurpari,

75 3667 232 3743 'eumque
259 3662 528 3748 significationem
554 3669 669 3730 seriori
692 3687 772 3732 nevo
797 3664 962 3752 paululum
982 3669 1082 3734 fuisse
1104 3673 1316 3737 immutatum.

143 3932 197 4012 12)
224 3935 269 3993 De
291 3934 410 3997 diverso
431 3938 641 3999 vocabulorum
664 3952 762 4014 tw,
784 3939 844 4012 bu,
867 3940 965 4016 turbs,
990 3943 1112 4017 nembro,
1135 3961 1191 4001 neu
1211 3942 1331 4009 viden-¹

184 4036 238 4095 dns
262 4038 385 4098 Gesenii
408 4040 565 4100 thesaurus
593 4040 718 4123 linguae
739 4042 829 4102 fleur.
858 4050 889 4103 et
916 4045 1020 4107 cnud.
1049 4045 1121 4103 torni
1145 4048 1157 4105 l
1185 4043 1268 4106 dese.
1291 4047 1315 4118 I,

184 4158 213 4216 p.
230 4135 273 4198 48
296 4141 338 4213 B,
359 4137 401 4200 95
418 4141 463 4215 Δ,
485 4141 527 4203 97
549 4142 593 4212 Β;
623 4143 695 4205 torni
716 4144 744 4207 ΙΙ
768 4142 846 4207 fore.
866 4146 897 4219 Ι,
920 4168 949 4225 p.
962 4143 1047 4218 578,
1067 4141 1163 4208 m·
