2904 4942
123 307 186 379 tou
573 305 645 369 Pom
665 307 717 371 W·
759 307 831 383 tap.
852 308 894 366 11.

122 469 415 548 adnumerandum,
445 470 530 558 qood
549 491 593 537 ex
612 473 747 557 epitrito
769 474 910 538 secundo
933 498 1037 552 ·ν··,
1065 473 1173 539 sexies
1198 472 1341 556 repetito,

123 592 342 675 componitur,
374 591 467 671 cujus
497 588 601 653 locum
631 589 715 654 baud
742 566 815 652 raro
843 602 876 652 et
898 588 1068 656 dichoreus
1090 617 1177 640 ·ν·ν
1200 603 1341 675 occupat.

123 706 274 783 Quinimo
296 727 337 770 ex
360 709 441 792 ipsis
462 705 597 771 Recolds'
616 705 724 771 verbis
744 706 903 771 sententia
922 707 994 790 ejus
1016 711 1117 774 everti
1138 730 1234 795 posse
1258 703 1342 770 vide·

40 825 49 842 ⁸
121 841 185 891 tur.
244 823 391 911 Namque
420 827 453 889 in
482 826 560 888 notri
591 827 631 888 ad
666 822 772 889 locum
810 827 940 889 citatum
971 840 1082 891 contra
1109 827 1341 903 Her-stannus,

124 943 266 1009 inrubum
288 965 330 1007 cx
353 940 505 1006 trochaeo
527 943 744 1020 derivantem,
766 945 799 1007 iu
820 940 906 1006 hunc
924 945 1051 1018 modum
1074 946 1228 1031 disputat:
1261 963 1342 1024 „nec

121 1076 268 1149 apparet,
302 1081 359 1122 cur
377 1059 509 1136 ¹numeri
530 1057 639 1146 leges,
669 1073 703 1124 ut
732 1062 832 1126 thesis
861 1066 948 1128 arsin
982 1064 1170 1149 praecedat,
1203 1082 1268 1125 non
1290 1061 1340 1125 ad·

121 1184 258 1244 mittant.
311 1175 443 1261 Syllaba
470 1198 551 1254 nna,
580 1177 650 1241 sola
679 1181 801 1262 posita,
836 1202 938 1267 neque
961 1180 1086 1258 brevis,
1117 1199 1221 1263 neque
1246 1175 1343 1263 longa

123 1313 189 1372 est;
220 1319 260 1361 ex
285 1299 430 1381 opposito
454 1296 579 1359 demum
602 1293 794 1379 aequilibrio
815 1311 869 1361 aut
896 1300 978 1364 arsis
1001 1312 1055 1362 aut
1076 1297 1176 1361 thesis
1198 1295 1342 1360 habetur.

122 1413 166 1480 Ut
188 1418 285 1499 igitur
314 1412 439 1496 syllaba
469 1415 589 1498 prima,
619 1415 648 1476 si
677 1416 742 1477 ictu
772 1417 960 1500 insignitur,
993 1438 1032 1478 eo
1061 1419 1139 1500 ipso
1158 1426 1341 1499 sequentem

120 1532 226 1598 thesin
250 1530 409 1618 postulat,
437 1534 484 1596 sio
515 1532 626 1594 eadem
649 1530 773 1615 syllaba
794 1532 930 1599 celerius
957 1535 1160 1620 pronuntiata
1183 1535 1272 1596 arsin
1294 1551 1342 1594 se-

120 1630 268 1736 quentem
286 1651 416 1713 indicat.
452 1630 558 1736 thue
579 1678 641 1716 ,to
662 1653 797 1736 cogitari
821 1665 941 1737 potest,
964 1653 1012 1715 sic
1026 1652 1137 1714 eodem
1154 1650 1231 1732 jure
1254 1651 1342 1712 Δ(

121 1766 275 1845 Quamvis
304 1765 443 1833 libenter
479 1770 710 1851 concedamus,
748 1773 914 1834 verissima
945 1791 1033 1848 esse,
1072 1789 1152 1853 quae
1181 1766 1245 1830 hoc
1273 1764 1340 1830 loco

122 1885 340 1974 disputantur,
370 1901 474 1951 tamen
499 1890 613 1967 etiam,
642 1891 671 1952 si
693 1886 798 1953 locum
829 1889 987 1965 invertaS,
1014 1888 1201 1951 verissimus
1224 1884 1342 1950 videbi-

119 2021 183 2071 tur.
230 2005 339 2082 erare
367 2007 606 2084 contendimus,
637 2027 700 2071 non
728 2006 901 2090 adparere,
932 2028 988 2071 cur
1013 2008 1137 2069 numeri
1165 2002 1276 2090 leges,
1310 2016 1342 2068 ut

119 2124 202 2189 arsis
222 2122 330 2186 thesin
353 2125 537 2207 praecedat,
569 2145 633 2188 non
663 2124 841 2188 admittant.
893 2121 938 2188 Ut
959 2126 1056 2210 igitur
1084 2120 1209 2206 syllaba
1232 2125 1340 2210 prims,

118 2246 149 2309 si
170 2226 387 2328 deprimatur,
418 2263 457 2305 eo
479 2245 548 2326 ipso
571 2256 757 2329 sequentem
780 2245 865 2307 arsin
888 2241 1042 2327 postulat,
1073 2244 1121 2305 sic
1144 2244 1260 2305 eadem
1283 2238 1342 2324 syl·

117 2361 210 2440 laba,
233 2365 298 2424 ictu
312 2361 483 2444 insignita,
506 2338 813 2446 thesinsequentem
832 2361 960 2427 indicat.
996 2359 1104 2447 thue
1127 2385 1186 2425 ou-
1207 2360 1341 2446 cogitari
1362 2398 1365 2402 ·

117 2495 243 2566 potest,
276 2481 323 2542 sic
352 2480 464 2543 eodem
489 2480 564 2561 jure
586 2504 660 2544 ιν.
712 2476 806 2555 Quod
836 2479 973 2564 denique
1002 2479 1041 2542 ad
1071 2479 1339 2564 comprobandam

118 2600 307 2665 seutentiam
330 2620 437 2686 ‘suam
469 2595 626 2660 Ewaldrtr
658 2597 697 2659 de
731 2606 868 2682 poeseos
897 2595 1057 2659 Arabicae
1092 2599 1223 2684 iugenio
1255 2598 1340 2676 dicit,

117 2718 269 2784 videlicet
300 2738 362 2780 nou
398 2717 508 2780 sedato
539 2735 610 2777 eam
640 2716 787 2779 incedere
819 2715 937 2801 gradu,
975 2715 1032 2778 sed
1060 2716 1234 2779 incitatiori
1265 2716 1342 2780 ferri

119 2836 256 2916 allecta,
293 2856 426 2922 eamque
462 2833 503 2899 ob
541 2854 668 2897 causam
698 2833 883 2898 trochaeum
922 2829 1144 2918 dactylumque
1166 2836 1340 2917 ''respuere,

119 2957 236 3042 quippe
265 2955 318 3040 qui
347 2955 447 3040 pedes
479 2951 595 3016 leuiori
624 2953 798 3036 sedatoque
828 2950 982 3014 orationis
1015 2952 1198 3035 progressui
1224 2970 1339 3015 couve-

120 3075 228 3151 niant,
259 3074 292 3137 id
314 3076 346 3136 in
370 3074 554 3135 universum
584 3075 716 3136 omniuo
748 3070 983 3135 concedendum
1007 3082 1072 3144 est;
1104 3090 1208 3154 neque
1237 3084 1341 3133 tamen

119 3192 193 3256 iude
217 3167 568 3275 sequitur‚'rrochaeos
585 3205 786 3274 ceterosque,
811 3191 864 3276 qui
889 3187 929 3252 ab
953 3187 1003 3251 his
1026 3188 1223 3265 derivantur,
1247 3189 1340 3272 pedes

119 3330 161 3374 ex
184 3308 326 3373 Arabum
351 3306 546 3370 carminibus
568 3304 711 3369 exulare.
755 3304 902 3393 Namque
925 3320 957 3370 et
978 3307 1164 3386 Pindarus,
1196 3308 1340 3391 princeps

120 3425 177 3492 ille
200 3425 371 3509 lyricorum
396 3424 609 3504 Graecorum,
641 3426 681 3488 ad
712 3446 790 3510 quos
813 3423 954 3489 Arabum
984 3431 1096 3509 politas
1118 3427 1268 3509 proxime
1290 3445 1341 3488 ac·

119 3545 235 3610 cedere
262 3543 418 3608 Ewnldus
446 3524 573 3620 censet,¹
603 3557 635 3608 et
664 3544 849 3620 Pindarus,
881 3546 1028 3632 inquam,
1059 3541 1135 3607 lieet
1164 3563 1284 3630 magno
1310 3555 1341 3606 et

120 3663 292 3727 affectuum
315 3677 347 3727 et
367 3660 558 3727 elocutionis
587 3665 704 3747 impetu
728 3662 868 3740 feratur,
898 3675 1004 3725 tamen
1033 3653 1121 3726 houd
1143 3683 1219 3726 raro
1241 3663 1339 3726 verd-

121 3781 181 3847 bus
202 3781 374 3845 trochaicis
394 3784 505 3845 utitur.

601 3903 631 3980 5.
661 3895 859 3965 cxxxix.
943 3934 949 3942 ·

204 4019 328 4083 Junctis
351 4020 384 4082 in
406 4020 524 4082 seriem
546 4015 692 4106 pluribus
713 4018 848 4106 pedibus
872 4039 984 4082 versus
1006 4019 1221 4100 constituitur,
1241 3997 1339 4106 eaque

121 4135 196 4217 lex,
219 4158 313 4224 quam
328 4138 368 4240 in
389 4139 563 4225 jungendis
583 4138 867 4224 dnponenuisque
879 4136 1014 4224 pedihus
1028 4145 1340 4226 pedae-sequuntur,
