2904 4942
624 320 814 398 Comparatio.
1268 331 1330 392 105

107 485 275 549 renunties
302 505 434 548 necerae
462 496 521 547 est.
579 482 675 548 Haud
704 483 830 549 meliori
854 463 930 569 jure
957 507 1029 551 cum
1055 488 1207 576 Cocceio,
1239 478 1334 564 Bezr‘t
1395 573 1399 581 ¹

111 605 248 692 aliisque
277 602 358 670 Jotr·
388 593 508 668 librum
542 603 582 666 ud
613 603 820 679 dramaticum
854 604 976 669 releraa
1007 611 1139 691 poenior
1174 614 1334 697 siquidem

110 727 215 790 omnir
237 724 340 798 aetio,
361 722 434 786 aine
454 719 519 806 qud
541 723 648 804 podria
670 721 843 785 dramatico
863 723 1037 788 consistere
1057 730 1181 812 nequit,
1205 733 1239 794 in
1261 754 1334 799 car·

111 847 208 911 mine·
223 840 282 907 illo
303 840 512 904 desideratur.
570 836 678 914 Quare
697 841 816 904 rectiua
837 853 977 922 statuae,
1006 842 1124 929 duplex
1152 844 1230 912 illud
1261 872 1332 916 car-

110 965 233 1029 minum
256 979 376 1045 genua,
404 958 529 1041 epicum
559 956 709 1022 videlicet
732 970 827 1042 atque
856 959 1083 1040 dramaticum,
1115 983 1176 1048 quo
1204 967 1237 1031 iu
1260 970 1333 1035 uui·

111 1102 207 1144 vareo
241 1085 376 1162 poeseos
405 1075 527 1139 ambitu
568 1073 614 1139 uil
651 1076 884 1167 praestanti-ur,
921 1074 1083 1144 Hebraeis
1108 1062 1334 1172 Arubibuaqua

111 1201 243 1266 oruuiuc
265 1193 427 1260 insolitum
450 1193 561 1259 tuisse.

548 1687 745 1758 Pars
790 1685 892 1756 111.

304 1883 346 1940 De
364 1881 434 1954 stylo
455 1879 612 1938 carminum
633 1878 837 1937 Hebraiccrorn
855 1886 939 1954 atque
959 1852 1151 1946 leuticorum.

594 2106 767 2178 cup.
816 2110 849 2164 1.

462 2267 501 2320 Du
523 2265 593 2336 stylo
612 2268 753 2328 currulium
771 2265 965 2318 Hebraicorum.
1093 2250 1097 2259 ’

63 2387 66 2400 r
126 2407 148 2443 θ
858 2350 861 2362 Ι

90 2478 93 2483 ’
642 2452 673 2528 §0
709 2447 803 2515 LXI.

198 2605 236 2671 Iu
258 2600 449 2689 explicandi
471 2604 589 2688 poetici
610 2602 834 2668 Hebraeorum
855 2597 930 2684 styli
952 2598 1061 2664 indole
1083 2623 1147 2667 uou
1169 2606 1239 2689 ipra
1263 2618 1334 2672 tau-

112 2737 182 2789 tum
203 2721 369 2802 elocutio,
406 2743 500 2806 quam
528 2724 658 2807 proprio
688 2722 903 2805 strictiorique
937 2740 1033 2783 seusu
1065 2720 1182 2804 stylum
1212 2725 1331 2802 dicunt,

109 2862 222 2907 rerum
254 2843 360 2905 onnia
397 2848 561 2925 potiturum
591 2840 815 2905 Hebraeorum
846 2839 1008 2924 cogitandi
1044 2851 1138 2925 atque
1173 2844 1334 2923 acutieudi
1436 2926 1439 2931 Ι

109 2963 194 3026 ratio
218 2959 451 3024 consideranda
471 2958 608 3024 videtur.
650 2956 798 3044 Namque
821 2957 1010 3022 elocutionis
1031 2958 1106 3022 fouu
1127 2971 1221 3044 atque
1243 2963 1331 3044 origo

110 3080 265 3164 cogitatio
287 3097 482 3160 censusque,
505 3096 639 3160 quorum
662 3089 829 3161 utrumque
852 3075 933 3138 adeo
956 3089 1042 3139 arcte
1060 3081 1277 3161 conjunctum,
1299 3093 1334 3143 ut

110 3195 247 3260 alterurn
269 3198 340 3258 uiuo
363 3193 465 3258 altero
488 3196 543 3256 vix
566 3193 704 3279 intelligi
723 3207 819 3279 atquc
839 3195 1008 3275 dijudicari
1023 3199 1134 3279 posuit.
1168 3194 1212 3260 Ut
1226 3211 1332 3262 autem

110 3312 220 3399 populi
241 3314 407 3397 eujusdam
431 3313 593 3397 cogitandi
614 3313 835 3396 sentiendique
856 3315 1014 3376 rationem
1036 3314 1136 3399 probe
1151 3316 1333 3401 peraqiccre

110 3445 209 3516 atque
230 3422 407 3514 dijudicbre
428 3433 553 3515 poeria,
582 3448 713 3493 ueoease
736 3442 804 3508 est,
833 3443 868 3493 ut
887 3431 958 3513 ejus
983 3434 1098 3509 vitam,
1128 3452 1253 3510 morea,
1282 3434 1334 3496 iu·
1424 3426 1431 3436 ‘

111 3551 242 3626 rtituta,
267 3561 334 3614 turn
357 3552 467 3627 suoru,
497 3544 713 3624 tumcivilia,
740 3550 806 3611 imo
836 3561 869 3610 et
898 3562 1014 3612 terram
1037 3547 1243 3633 coelumque,
1272 3549 1332 3614 cub

110 3689 175 3752 quo
204 3669 311 3751 degit,
339 3665 438 3750 probe
466 3669 599 3751 cognita.
621 3663 752 3729 babeas.
804 3664 915 3745 Quare
934 3664 1018 3730 baud
1048 3664 1106 3729 abr
1130 3687 1165 3730 re
1196 3668 1332 3746 videtur,

109 3784 335 3850 Hebraeorum
364 3785 477 3860 vitam,
513 3805 638 3861 morea,
674 3785 838 3862 instituta,
871 3794 988 3848 terrum
1017 3783 1204 3868 coelumque
1238 3805 1332 3868 quam

110 3900 302 3995 brevissime
325 3903 560 3986 perstringere3
594 3901 735 3964 undeet
762 3903 858 3966 totiua
881 3898 989 3987 populi
1011 3903 1045 3964 in
1067 3905 1271 3979 uuiversum,
1301 3915 1332 3967 et

107 4028 277 4106 poetarum
299 4017 531 4083 Hebraicorum
554 4020 722 4103 speciatim
742 4021 921 4105 cogitandi,
942 4020 1099 4083 sentiendi
1120 4018 1332 4105 loquendique

107 4139 194 4203 ratio
216 4135 333 4201 clarior
357 4137 479 4201 evadet.
