2904 4942
572 318 643 375 Pers
664 315 721 373 m.
767 315 837 391 Cap.
856 313 879 371 Ι.

319 485 424 569 Expia
447 503 499 548 me
522 480 681 567 hyssopo,
703 479 896 543 otmundus
916 478 995 554 sim,

319 600 409 666 Lava
431 622 501 678 me,
524 612 558 662 ut
581 601 655 662 nire
677 596 843 661 candidior
865 595 1010 658 evadam.

110 753 274 820 Interdum
297 753 392 816 etiam
421 773 441 815 a
467 750 711 814 circumcisione
743 747 899 811 orationis
927 747 1070 830 poeticae
1092 744 1253 829 imagines
1275 764 1330 829 pe·

112 884 232 936 tuntur.
282 866 550 933 Circuurcisiouis
573 890 644 932 cum
674 889 712 930 ea
735 877 820 930 esset
841 859 1052 950 significatio,
1082 871 1134 937 ut,
1166 863 1222 945 qui
1244 858 1329 924 ilia'm

110 992 324 1076 recepissent,
351 990 420 1051 veri
443 987 505 1051 Dei
527 985 665 1051 cultores
689 996 892 1071 putarentur,
920 982 1038 1045 factum
1061 991 1128 1055 est,
1147 991 1181 1041 ut
1203 980 1237 1041 iu
1263 999 1329 1042 ora·

111 1110 200 1173 tione
233 1104 371 1191 figurati
398 1107 577 1169 circumcisi
609 1106 632 1167 ii
668 1106 867 1179 dicerentur,
907 1101 960 1184 qui
997 1095 1097 1190 probe
1134 1095 1329 1181 honesteque

111 1229 274 1307 viverent3
302 1198 493 1309 praeputiati
522 1235 634 1287 contra
662 1222 706 1297 ii,
740 1221 794 1303 qui
820 1215 987 1301 improbae
1009 1212 1260 1300 inhonestaeque
1283 1216 1326 1276 vi·

112 1341 209 1405 vendi
229 1342 344 1406 rationi
368 1342 466 1406 dediti
490 1351 607 1404 esseut.
652 1334 842 1420 Exemplum
869 1332 969 1397 habes
991 1334 1107 1400 Jerem.
1131 1350 1202 1415 cap.
1219 1329 1277 1407 IV,
1293 1338 1326 1393 4:

750 1488 844 1559 :ruam
866 1487 950 1555 stau

586 1610 702 1678 uenat*
720 1608 823 1676 urbm
847 1620 949 1678 suoru

506 1727 861 1799 eboracensem
885 1740 969 1821 ω
1082 1798 1085 1803 ,

611 1860 698 1915 rmm
722 1861 795 1913 aa:
819 1860 892 1912 aaa
915 1857 947 1931 qe

640 1980 733 2032 nunu
758 1979 821 2053 pru
845 1974 948 2034 rrum

634 2081 790 2152 zosabaae
813 2101 856 2155 ru
879 2094 947 2146 *rec
1015 2146 1019 2157 ,

320 2212 548 2279 circumcidite
568 2234 626 2282 voa
647 2215 769 2298 Jovae,

321 2333 361 2395 Et
381 2333 498 2396 demite
520 2337 719 2419 praeputium
740 2336 845 2401 cordis
867 2333 986 2409 vestri,

320 2446 394 2512 Viri
415 2450 516 2515 Judae
539 2466 572 2515 et
591 2452 716 2517 incolae
738 2451 1056 2536 Hierosolymorum

318 2563 369 2628 Ne
391 2569 593 2653 egrediatur,
615 2573 701 2656 iguis
721 2574 839 2648 instar,
866 2568 1133 2635 excandescentia
1155 2587 1247 2645 mea,

317 2681 524 2771 Ardeatque,
552 2700 587 2752 ot
606 2707 702 2751 nemo
722 2691 823 2773 possit
845 2690 1069 2772 exstinguere,

316 2800 449 2887 Propter
472 2805 658 2887 pravitatem
686 2804 843 2871 factorum
867 2819 1055 2869 vestrorum.

109 2950 183 3030 Quo
206 2952 240 3014 iu
263 2948 336 3016 loco
357 2955 457 3018 Jovae
479 2974 514 3020 te
540 2957 769 3021 circumcidere
792 2958 960 3043 cordisque
980 2956 1179 3041 praeputium
1202 2954 1329 3017 demere

109 3072 195 3136 idem
230 3070 391 3156 significat
426 3094 464 3137 ao
498 3073 646 3138 omnibus
676 3075 926 3158 cogitationibus
960 3074 1135 3158 factisque,
1171 3068 1328 3133 voluntati

108 3192 235 3258 divinae
252 3193 430 3267 contrariis,
455 3193 649 3269 renuntiare,
671 3206 704 3254 et
726 3195 855 3257 nonnisi
878 3195 988 3277 pietati
1007 3192 1179 3274 virtutique
1197 3206 1330 3274 operam

108 3308 195 3377 dare.
238 3306 352 3393 Neque
376 3321 480 3371 tumen
505 3312 695 3393 praeputiati
719 3312 741 3372 ii
766 3324 887 3373 tanturn
903 3312 1070 3386 dicuntur,
1094 3311 1148 3393 qui
1163 3303 1330 3391 improbae

107 3427 236 3492 meandi
257 3426 375 3488 rationi
396 3427 495 3489 dediti
517 3442 606 3501 sunt3
636 3447 748 3489 verum
772 3431 867 3491 etiam
888 3430 931 3508 ii,
955 3430 1007 3513 qui
1030 3425 1095 3489 alio
1118 3426 1257 3510 quodam
1279 3420 1331 3488 vei

109 3544 224 3620 animi,
263 3541 317 3604 vel
342 3546 485 3627 corporis
516 3547 595 3608 vitio
628 3544 787 3610 laborant.
849 3544 904 3606 Sic
931 3547 1048 3609 ierem.
1077 3564 1145 3626 cap.
1177 3540 1244 3620 Vi,
1277 3547 1329 3619 10,

107 3661 321 3751 praeputiatus
344 3681 438 3725 aures
461 3659 580 3725 habere
602 3664 769 3739 dicuntur,
792 3663 847 3746 qui
868 3662 1042 3748 prophetae
1064 3663 1193 3728 monitis
1215 3658 1330 3724 nolunt

108 3779 342 3864 obtemperare;
374 3781 421 3842 sic
447 3780 575 3845 2Mos.
597 3778 663 3857 vl,
688 3785 744 3856 12,
766 3785 826 3857 30,
857 3780 971 3845 Moser
994 3784 1210 3867 praeputiatus
1232 3781 1329 3847 tanin

109 3901 240 3976 dicitur,
276 3899 357 3980 quod
387 3896 529 3984 linguam
567 3900 605 3962 ad
638 3897 832 3983 loquendum
867 3922 978 3985 parum
1011 3898 1150 3964 habilem
1181 3900 1327 3967 baberet.

110 4017 191 4083 Inter
211 4034 320 4081 sacros
342 4013 564 4081 Hebraeorum
587 4021 667 4080 ritus
690 4015 826 4081 habetur
847 4022 944 4083 etiam
967 4039 1099 4103 regum,
1122 4019 1327 4083 sacerdotum

112 4150 200 4225 atque
232 4130 456 4218 prophetarum
491 4133 635 4200 solennis
673 4138 799 4211 unctio;
839 4158 933 4222 quem
969 4136 1064 4199 titum
1100 4133 1326 4201 Hebraeorum
