2904 4942
111 322 154 384 60
286 344 289 349 ·
576 320 710 383 Puro-11.
754 323 823 400 Gap.
844 320 869 379 1.

113 483 227 566 doluit,
263 484 349 550 haud
372 496 479 551 tamen
500 483 648 571 neglecto
674 488 852 571 sapientiae
872 484 996 559 studim
1034 503 1146 549 vorum
1169 495 1203 548 et
1221 483 1339 566 juncta

115 605 294 692 rapientiuo
323 603 472 690 voluptas
497 606 605 669 inania
633 606 704 670 vinu
729 605 802 670 fuit.
853 604 1002 670 Praestat
1029 603 1156 689 quidem
1179 597 1344 665 ‘stultitiae

114 725 290 809 rapientia-3
315 744 418 810 nequo
433 736 539 787 tamen
561 737 699 788 amorte
721 739 753 789 et
773 723 939 809 oblivione
956 743 1018 786 noa
1032 721 1192 798 vindicat,
1214 719 1345 783 eadem·

114 863 175 928 que
189 845 366 929 eapientem
380 855 475 928 atque
491 839 622 907 stultum
637 857 745 908 manet
765 863 847 906 roro.
891 837 1000 916 Quare
1023 841 1177 924 optimum
1198 838 1342 916 uidetur,

114 962 210 1047 genio
224 957 412 1046 indulgere,
435 973 587 1046 quantum
608 963 738 1047 quidem
755 979 943 1025 concessum
966 958 1072 1023 fucrit.
1117 953 1266 1040 Namque
1275 955 1345 1023 'lroc

115 1082 220 1166 iprum
243 1077 307 1143 Dei
328 1099 443 1144 munuc
466 1095 534 1162 est,
557 1083 610 1165 qni
633 1103 691 1166 pro
713 1079 847 1144 arbitrio
870 1100 930 1142 auo
949 1071 1111 1140 beneficia
1131 1096 1191 1140 aua
1213 1076 1346 1160 diapen-

115 1212 176 1263 rut.
227 1195 321 1278 Quae
350 1177 423 1261 cum
446 1200 491 1262 ita
514 1199 600 1278 aiut‚'
635 1221 699 1263 non
722 1210 789 1276 ert,
826 1197 911 1282 quod
940 1206 987 1258 tot
1015 1182 1183 1277 tantosque
1210 1189 1344 1263 laborm

112 1317 301 1400 suscipiant
315 1313 480 1406 hominen
509 1314 554 1381 uil
576 1319 683 1397 enim,
709 1317 793 1401 quod
814 1314 887 1379 Deo
909 1334 974 1378 non
992 1309 1139 1390 libuerit,
1163 1307 1344 1396 perficient.

12 1444 17 1463 ¹
115 1432 226 1498 Vanar
248 1455 320 1498 erae
341 1448 436 1521 atquc
456 1436 572 1503 inance
594 1433 775 1500 mortalium
798 1455 871 1513 rer,
896 1445 929 1497 et
947 1433 1023 1496 inde
1043 1429 1219 1512 conjicias,
1244 1426 1341 1511 quod,

113 1550 171 1615 ubi
190 1553 337 1635 justitiae
359 1568 393 1617 et
413 1555 567 1641 aequitati
587 1552 679 1619 locut
700 1574 773 1619 caue
794 1550 949 1628 deberet,
985 1548 1146 1631 injustitia
1167 1559 1199 1609 ot
1219 1545 1340 1629 iniqni-

18 1647 23 1666 ⁸
111 1682 163 1735 tat
186 1671 401 1736 dominentur.
442 1669 592 1753 Accedit,
617 1673 702 1759 quod
723 1672 890 1736 hominum
911 1669 1052 1733 conditio
1074 1685 1186 1752 parum
1209 1664 1340 1729 differat

109 1787 155 1854 ab
177 1786 363 1853 animalium
387 1788 552 1854 brutorum
575 1806 680 1866 norte3
717 1810 855 1876 numque
877 1790 972 1853 ricuti
993 1785 1073 1851 huoc
1101 1795 1259 1869 pereunt,
1291 1782 1337 1844 itu

111 1904 207 1972 etilli
223 1910 489 1994 exstinguuntur3
511 1928 612 1995 neque
628 1911 794 1995 quicquum
813 1905 955 1984 definiet,
977 1926 1072 1990 quem
1093 1905 1126 1967 iu
1148 1901 1257 1965 locum
1269 1898 1337 1963 aui·

111 2028 184 2093 mnu
212 2024 371 2090 humanus
399 2041 471 2111 pout
498 2039 633 2091 mortem
659 2030 854 2113 migraturuu
881 2027 934 2089 ait.
987 2022 1050 2088 Hic
1079 2019 1228 2112 omniluot
1257 2017 1340 2089 addo

112 2162 338 2229 opprearorum
361 2143 545 2222 miceriam,
572 2144 756 2208 invidorum
778 2144 1036 2219 contentionem,
1059 2157 1228 2204 avarorum
1249 2131 1342 2198 labo·

112 2279 200 2337 rem,
232 2261 374 2344 ipsorum
398 2262 536 2348 deniquo
558 2284 669 2348 regum
691 2263 852 2327 fortunam
874 2264 1130 2335 inconstantem,
1165 2267 1197 2318 et
1217 2251 1342 2316 fateare

111 2398 245 2442 necesso
267 2389 334 2456 est,
360 2401 471 2446 omnes
493 2379 674 2446 mortalium
696 2404 748 2447 ree
770 2402 870 2445 vanus
892 2382 1069 2464 inanesque
1091 2395 1172 2439 eoae.
1215 2372 1342 2436 Altero

111 2497 194 2562 libre·
210 2517 293 2582 puro
314 2501 396 2583 (cap.
412 2497 472 2578 lV,
495 2506 588 2565 17-
603 2499 681 2582 ΧΠ,
699 2505 734 2584 7)
758 2500 887 2564 diversa
909 2501 992 2562 vitae
1014 2508 1100 2560 recte
1122 2490 1347 2561 instituendae,

110 2631 280 2703 ptaecepta
301 2619 414 2683 tradit:
435 2616 565 2682 Numen
584 2618 726 2682 divinum
746 2621 854 2685 auimo
870 2630 975 2698 cuuto,
995 2634 1059 2681 nou
1075 2607 1216 2678 victimis
1231 2606 1341 2675 colen·

109 2737 206 2811 dum3
230 2739 313 2801 votir
336 2738 514 2801 temerariis
536 2734 778 2818 abstinendum,
802 2738 858 2804 ted
883 2758 964 2824 quac
985 2733 1241 2820 nuncupaveris,
1264 2748 1339 2812 per·

109 2853 280 2919 colveoda.
311 2853 386 2920 Nou
405 2855 615 2920 dubitandum
638 2858 678 2921 de
699 2859 902 2942 providentii
919 2855 1040 2932 divini,
1062 2851 1166 2918 oioobi
1182 2866 1340 2936 pauperes

113 2975 351 3058 opprimuntur3
394 2976 518 3040 divitiis
547 2996 612 3038 non
640 2975 851 3055 inhiandum,
893 2986 969 3039 aunt
997 2973 1081 3037 enim
1110 2988 1214 3033 vanae
1243 2981 1339 3052 atque

110 3089 237 3165 doxae3
259 3090 430 3156 fruendum
447 3090 542 3157 bonia
563 3114 583 3156 a
604 3095 713 3160 diuino
734 3097 865 3160 numine
886 3093 1065 3166 concentio3
1087 3086 1133 3155 nil
1149 3089 1237 3152 enim
1257 3082 1339 3150 otol-

111 3213 194 3289 tiua,
232 3228 328 3296 qoam
355 3213 453 3293 partit
476 3232 540 3275 non
562 3213 628 3277 lrui
650 3215 783 3279 divitiis.
833 3211 935 3276 Seriia
957 3213 1064 3297 potius
1089 3228 1183 3294 quam
1203 3203 1338 3269 ludicris

42 3321 52 3336 ⁹
76 3341 80 3350 '
109 3327 208 3394 rebus
226 3328 422 3403 vacandum3
453 3333 628 3416 sapientiae
650 3333 859 3410 atudendum,
885 3327 1017 3415 regibus
1039 3324 1337 3409 obtemperandum,

111 3461 144 3512 et
162 3460 221 3512 cet.
273 3443 442 3511 Clauditur
469 3452 574 3514 omnis
603 3436 775 3536 disputatio
791 3452 934 3538 epilogo
964 3448 1052 3530 (cap.
1073 3442 1336 3527 Xl1,·8-14),

109 3569 144 3632 ln
164 3587 228 3653 qno
249 3564 477 3634 Ecclerr'ociue
490 3571 739 3638 ,commendatur
759 3570 937 3654 rapientia,
958 3563 1096 3651 librique
1118 3584 1245 3631 summa
1262 3561 1338 3628 bre·

109 3687 191 3750 viter
212 3686 392 3771 exponitur.

521 3847 524 3852 ’
625 3888 810 3971 t.xxx1.
928 3962 930 3967 ,

197 4040 246 4105 Ad
268 4047 396 4106 cantico·
413 4049 615 4108 canticorum
637 4057 860 4130 argumentum
881 4046 965 4131 quod
986 4044 1128 4121 adtinet,
1151 4042 1233 4105 mira
1252 4041 1337 4104 inter

109 4160 197 4227 viror
224 4162 336 4227 doctor
360 4163 429 4246 jan
455 4163 532 4228 inde
553 4162 759 4251 abantiquis
780 4163 989 4250 temporina·-
1004 4161 1111 4228 locum
1132 4160 1247 4229 habuit
1261 4168 1337 4234 dia·
