2904 4942
319 338 361 397 Dr
385 339 678 400 remoraremur
700 342 903 402 Horatiorum
923 343 1027 416 formo.
1222 345 1283 404 243

59 520 119 563 neo
142 522 206 564 non
229 507 249 565 2
272 501 358 568 Mos.
384 501 464 583 XV,
486 510 517 582 2,
539 507 574 568 in
594 506 733 589 epinioio
757 503 831 584 iiio,
854 529 917 590 qno
941 506 1097 572 mirabiiis
1119 506 1283 571 Hebraeo-

56 639 130 682 rnm
154 641 211 703 por
231 639 322 685 mere
348 621 483 688 rubrum
510 624 663 688 transitus
686 621 882 688 celebretur:

653 757 693 808 Μ
721 757 826 811 nunti
856 760 903 811 ii!

622 863 744 931 uranu
774 861 809 930 ⁵5
835 875 904 927 um

636 995 744 1048 mum
772 983 830 1050 us
859 994 901 1047 ru
1032 1036 1033 1040 ,

519 1104 705 1170 timon-rm
728 1115 789 1165 *ru
817 1101 902 1166 rrou

269 1215 382 1280 Gloria
405 1235 478 1280 ntes
499 1231 532 1280 et
557 1220 716 1282 oantioum
737 1214 838 1294 Jove,

269 1333 344 1418 ipre
372 1334 451 1398 mibi
478 1335 540 1398 fuit
569 1333 684 1399 minti:
755 1347 759 1354 “

268 1449 334 1515 Hie
356 1450 447 1515 Dens
469 1473 579 1531 meur,
610 1474 706 1538 quem
737 1451 926 1531 celebrabo,

268 1567 359 1632 Dens
381 1572 482 1652 putris
503 1573 586 1648 mei,
619 1590 713 1655 quem
727 1570 885 1637 ‘lendibus
908 1571 1053 1635 efferunt.

61 1683 252 1768 Quaeritur,
268 1701 382 1750 -ntrnm
404 1694 553 1753 nomino
573 1687 831 1753 homoeoteleuto
847 1688 1070 1753 Hebraeorum
1092 1687 1196 1770 poetis
1217 1687 1284 1748 usi·

62 1814 129 1866 tete
155 1803 291 1883 inerint,
319 1823 362 1866 on
392 1824 473 1890 queo
503 1808 622 1890 purtim
651 1805 779 1870 obvium
808 1819 884 1871 suut
912 1796 1170 1869 homoeoteleuta
1195 1803 1286 1865 ononi

60 1923 184 2005 potior,
206 1942 300 2006 qnam
322 1930 438 2006 poetae
459 1922 595 1987 oonsilio
615 1923 784 1988 tribuendo
797 1923 881 1988 sinti
911 1923 946 1987 Si
969 1925 1113 1986 oorruinn
1132 1917 1285 1984 bomoeo·

57 2035 184 2101 -teleute
192 2037 414 2103 Hebraeorum
433 2042 535 2124 poetis
549 2043 665 2103 nsitntn
680 2041 825 2117 inissent,
840 2039 915 2124 fieri
927 2040 1011 2104 bend
1027 2041 1193 2124 potuisset,
1208 2037 1285 2120 quin

61 2168 170 2220 nuum<
183 2155 298 2220 saitem
320 2155 496 2222 alterumve
518 2178 646 2222 uermen
667 2157 815 2222 versibus
829 2156 1096 2222 bomoeoteientir
1110 2153 1284 2246 ooniintum
1321 2163 1324 2168 '

62 2274 105 2339 nti
128 2288 238 2339 nostru
258 2290 603 2360 superaret-temporo.
644 2277 716 2340 Jnm
739 2296 818 2341 voro
837 2278 922 2341 inter
946 2277 1089 2340 onrmiun
1107 2272 1282 2348 Hebraico,

63 2406 218 2479 quotquot
241 2408 422 2477 supersunt,
443 2397 499 2458 vix
522 2418 620 2460 unum
640 2394 807 2482 invenies,
828 2395 862 2456 in
885 2415 947 2479 quo
966 2415 1078 2458 versus
1099 2391 1288 2456 homoeote-

54 2506 143 2574 iouti
163 2525 346 2575 constanter
366 2514 516 2595 certique
535 2511 608 2599 iege
628 2525 807 2576 recurrunt.
850 2510 945 2574 Hnud
961 2511 1088 2596 quidem
1111 2530 1170 2573 nor
1191 2507 1286 2591 fugit,

55 2627 251 2694 strennus
280 2633 383 2713 onpite
412 2632 521 2714 quinto
547 2651 641 2715 quotu
671 2628 826 2714 plurimos
853 2650 965 2692 versus
993 2624 1119 2709 tyllebti
1148 2641 1177 2692 tt
1198 2621 1286 2691 velt

62 2751 248 2822 terminori3
285 2749 385 2823 odeo,
423 2761 458 2812 ut
485 2768 614 2813 uerruen
649 2746 748 2812 boooo
778 2742 1045 2812 homoeoteleutis
1080 2743 1285 2807 adnumerari

63 2885 159 2949 posse
189 2867 346 2929 videntur.
404 2865 527 2929 Verum
558 2886 661 2951 nuque
687 2868 722 2929 in
758 2866 820 2930 boo
851 2867 994 2929 ourmine
1028 2857 1285 2925 homoeoteleuto
1387 2890 1389 2894 v

60 2993 248 3046 uonstenter
279 2998 465 3059 uenturum,
494 2986 567 3046 imo
598 3003 712 3046 versus
737 2981 854 3061 finem,
883 2984 958 3048 iude
989 3002 1008 3043 ιι
1037 2972 1133 3044 versu
1161 2979 1286 3041 deoimo

19 3135 31 3151 o
56 3112 179 3164 eutero
201 3102 241 3163 nd
264 3121 390 3164 versum
413 3100 588 3164 seeundum
611 3115 645 3163 et
667 3102 855 3185 vigesimum
879 3120 979 3186 usqne
1007 3099 1139 3162 omnino
1163 3096 1287 3158 desido-

60 3230 194 3293 runtur3
225 3220 298 3281 dein
323 3240 395 3282 euru
424 3215 627 3303 popularium
655 3238 787 3281 suorum
816 3222 967 3295 nomine,
998 3218 1141 3298 adeoquo
1170 3209 1287 3295 piurnli

64 3355 201 3400 numero
223 3345 317 3420 pue'te
331 3334 502 3422 loquetur,
520 3335 604 3399 hond
619 3336 721 3420 potnit
735 3333 826 3412 fieri,
849 3340 924 3421 quin
935 3352 1116 3420 pronomen
1132 3326 1287 3392 suffixum

64 3457 189 3540 primae
211 3475 372 3540 personne
395 3451 527 3539 pluralis
550 3454 675 3516 numeri
697 3469 742 3530 ιι,
768 3452 921 3538 verbique
945 3450 1129 3515 terminatio
1152 3444 1286 3533 pluralis

63 3575 288 3657 tsuepirrime
318 3584 506 3637 recurreret.
564 3569 672 3648 Quoto
701 3570 741 3634 de
771 3568 1036 3653 homoeoteleuton
1062 3563 1289 3629 Hebraeorum

50 3690 216 3782 ‘nuribus
240 3692 287 3752 ito
306 3691 508 3754 statuendum
532 3690 671 3765 videtur,
695 3708 752 3752 eos
772 3686 825 3751 vel
846 3688 978 3751 fortuito
999 3685 1089 3747 fusor
1112 3682 1234 3758 fuisso,
1255 3681 1290 3745 iti

65 3809 149 3893 quod
175 3797 327 3871 insimili
352 3810 574 3892 pronominum
594 3806 786 3871 suffixorum
809 3807 1059 3886 verborumque,
1081 3799 1136 3863 nbi
1154 3797 1291 3863 flectuu-

66 3938 135 3999 tur,
157 3928 380 3990 terminatione
402 3923 555 3988 facillime
576 3928 707 3987 evenire
732 3927 850 4009 potuit3
881 3921 931 3985 vel
951 3923 979 3985 ri
1001 3938 1228 4002 nonnunquam
1247 3937 1290 3979 ex

40 4074 45 4086 ,
67 4047 231 4129 proposito
246 4043 384 4111 nditibiti
397 4043 533 4122 inerint,
556 4042 590 4106 id
612 4054 717 4105 tumen
734 4040 863 4107 nrtifiuii
885 4040 1003 4126 poetici
1018 4057 1121 4123 genus
1135 4035 1225 4119 purvi
1248 4031 1288 4097 ab

67 4161 291 4229 Hebraeorum
307 4163 411 4248 potitis
426 4181 559 4248 pensum
571 4158 682 4238 inisse,
693 4179 765 4223 onnr
775 4162 1072 4224 rorissimstuntunt
1086 4150 1143 4217 ilio
1153 4152 1218 4217 sint
1229 4150 1289 4215 usi.

920 4314 923 4321 ,
994 4276 1061 4338 to*
