2904 4942
113 292 156 358 58
578 296 649 357 Part
669 296 710 355 11.
755 298 826 375 cop.
844 297 868 355 1.
972 339 981 359 t

112 471 292 547 ponentur,
325 457 564 548 doceaturque5
586 464 715 548 quantis
740 461 909 528 benefieiis
938 460 1015 525 inde
1037 459 1079 526 ab
1107 462 1344 552 antiqqireimir

113 576 310 663 temporibus
340 576 431 643 Deus
467 578 616 666 populum
653 602 747 646 suurn
782 579 845 646 eibi
877 580 1103 645 obstrinxerit.
1160 580 1344 666 Pomaque

114 697 230 762 deinde
257 693 451 781 psalmorum
477 719 552 781 pars
579 701 613 764 in
643 697 839 785 deplorandis
868 698 997 764 fortunia
1023 697 1159 762 adversa
1181 711 1343 778 versatur,

107 816 176 901 “quai
199 811 251 878 vel
273 813 410 898 populus
431 815 612 881 Hebraioua
633 817 667 881 in
689 818 894 896 universnm,
930 815 982 880 vel
1004 814 1125 901 singuli
1147 814 1248 879 Jovae
1271 813 1342 881 eul-

113 947 198 998 tores
226 929 437 1017 laborabant,·
472 933 588 1019 quibus
617 932 756 1020 querelis
786 956 896 1021 preces
925 935 1101 1012 accedunt,
1139 948 1173 997 ut
1202 933 1344 1000 adflictis

113 1049 236 1117 auxilio
267 1072 325 1113 suo
354 1052 438 1114 adsit
460 1049 569 1130 Deus,
606 1055 843 1138 gratiarumque
862 1057 957 1118 ›aotio
987 1073 1044 1137 pro
1073 1053 1266 1136 praestando
1289 1049 1342 1116 vel

33 1146 36 1153 .
111 1171 262 1256 praestito
282 1167 508 1266 jansenius·
565 1168 771 1249 Quaesiveris
793 1172 951 1250 fortasse,
987 1173 1041 1258 qui
1063 1170 1183 1233 laetum
1207 1173 1268 1249 sit,
1306 1183 1341 1234 ut

114 1301 159 1355 tot
187 1282 320 1374 querula
350 1289 492 1350 earmina
522 1286 744 1352 Hebraeorum
776 1297 890 1374 politae
919 1288 1079 1353 fuderinti
1118 1287 1215 1352 Haud
1240 1285 1340 1375 longe

111 1409 183 1489 ejus
205 1407 252 1468 rei
275 1398 370 1467 oausa'
392 1406 577 1488 repetenda.
623 1404 771 1491 Namque
793 1409 821 1471 si
842 1410 983 1494 iniquam
1008 1409 1249 1492 perpendamus
1265 1429 1340 1472 sor-

111 1539 195 1602 tem,
219 1543 312 1608 quam
328 1521 469 1586 Hebraei
485 1525 560 1587 inde
577 1545 595 1586 a
611 1523 717 1588 diviso
736 1538 807 1612 post
826 1525 1010 1590 Salomonis
1033 1527 1201 1589 decessum
1223 1547 1344 1610 regno,

42 1712 47 1718 ,
111 1644 252 1708 maxime
273 1661 351 1705 vero
375 1639 466 1705 exilii
482 1639 649 1723 Assyriaei
670 1656 765 1728 atque
781 1642 972 1727 Babylonioi
990 1645 1206 1729 temporibus,
1229 1644 1341 1709 subie-

110 1772 199 1837 runt,
223 1761 379 1824 fateamur
401 1781 532 1855 necesse
555 1771 621 1838 est,
645 1761 839 1826 uberrimam
861 1761 1082 1826 Hebraeorum
1106 1765 1211 1848 potitis
1235 1762 1336 1828 luisse

112 1880 296 1957 materiam,
326 1890 359 1942 et
380 1875 489 1964 populi
511 1881 580 1957 sui,
604 1892 636 1942 et
658 1900 747 1943 suam
769 1880 911 1964 ipsorum
935 1880 1095 1944 fortunam
1120 1878 1317 1966 deplorandi.

630 2080 658 2156 §.
688 2078 821 2145 XXIX.

196 2229 343 2296 Psalmoe
361 2203 511 2315 exaptat
543 2229 790 2319 proverbiorum
819 2231 923 2310 liber,
962 2233 1018 2317 qui
1047 2231 1341 2317 transportetur

112 2352 300 2437 duplicique
326 2348 510 2436 adpreendite
537 2347 725 2414 absolvitur.
753 2348 912 2413 -Librum
937 2346 1024 2414 huno
1045 2371 1111 2415 uon
1135 2353 1169 2415 iu
1192 2372 1258 2416 uno
1281 2375 1342 2419 eo·

111 2473 247 2559 demque
269 2470 393 2532 versari
414 2480 621 2552 argumento,
652 2468 709 2530 red
732 2468 967 2537 diversissimas
994 2489 1050 2533 res
1079 2482 1235 2550 traotare,
1266 2474 1341 2556 ipsa

111 2590 161 2656 rei
183 2602 298 2653 natura
317 2587 421 2653 docet.
464 2584 503 2650 ln
522 2591 636 2679 priori
654 2585 736 2650 libre·
752 2595 853 2674 parte
876 2591 966 2672 (nep.
983 2585 1136 2670 I-IX)
1158 2591 1340 2673 sapientiae

111 2708 254 2774 studium
284 2697 546 2797 commendator,
582 2704 716 2789 ejusque
746 2707 843 2771 studii
869 2719 1076 2790 exponuntur
1105 2704 1339 2787 emolumenta,

111 2825 297 2910 Sapientiae
318 2825 462 2910 quiaquia
480 2823 608 2900 deditus
624 2835 689 2900 est,
712 2825 871 2908 potiorem
890 2836 1024 2909 argento
1044 2844 1186 2908 auroque
1209 2825 1342 2903 thesea,-

111 2966 181 3007 rum
204 2945 363 3022 inveniet,
394 2942 585 3028 felioemquo
606 2954 641 3005 ot
657 2939 700 3006 ab
724 2942 812 3005 omui
833 2939 1049 3008 sollieitudine
1071 2931 1366 3028 metuqueseouss

111 3083 179 3126 rem
203 3062 298 3146 deget
319 3063 428 3127 vitam.
478 3048 626 3125 Vitanda
645 3058 863 3142 improborum
886 3063 1002 3148 egendi
1023 3063 1127 3139 ratio,
1158 3063 1339 3140 sinceritati

110 3178 145 3245 in
169 3179 319 3245 omuibus
346 3180 443 3244 rebus
471 3180 675 3245 studendum.
725 3177 903 3245 vitandum
929 3201 1002 3244 oum
1024 3181 1193 3264 impudicis
1219 3180 1340 3247 mulie-

111 3297 201 3364 ribu'e
224 3301 471 3378 eommeroium,
493 3301 578 3391 quod
600 3309 687 3363 oerta
703 3313 811 3363 menet
838 3300 1014 3382 pernicies;
1037 3295 1200 3384 legitimae
1224 3298 1338 3365 inhae-

109 3420 246 3485 rendum
272 3420 387 3496 uxori,
412 3419 505 3500 cujus
526 3417 709 3484 dulcissima
731 3429 780 3481 est
801 3392 1014 3480 familiaritas.
1056 3415 1297 3483 Abstinendum
1317 3442 1339 3483 a

109 3535 338 3626 sponsionibus
354 3535 554 3612 ieooosultis3
578 3539 714 3615 desidie,
737 3533 961 3611 fraudulentia,
982 3533 1143 3619 superbia,
1165 3538 1337 3619 injustitia,

108 3655 191 3722 iulet
214 3656 405 3733 testimonie,
424 3657 667 3741 jurgiorumque
689 3658 889 3748 irritamenta
909 3654 1071 3739 fugiende.
1113 3657 1238 3721 Altero
1254 3679 1338 3742 pro-

107 3771 294 3840 verbiorum
312 3792 395 3856 pare
417 3775 500 3859 (oap.
518 3774 553 3838 X
566 3811 609 3824 -
623 3773 755 3856 xxiv)
775 3771 915 3857 amplam
935 3787 1176 3858 praeceptorum
1200 3772 1337 3840 exhibet

109 3895 257 3979 oopiem',
292 3913 428 3978 qnorum
455 3891 605 3979 pleraque
620 3893 674 3955 sad
701 3894 788 3962 vitae
809 3912 999 3976 morumque
1022 3895 1183 3977 pertinent
1204 3895 1336 3959 institu-

110 4013 242 4076 tionem.
293 4006 543 4077 Commendatur
568 4012 716 4095 justitiae
746 4010 904 4089 studium,
937 4013 1070 4094 ejusque
1094 4009 1216 4075 lruotue
1238 4025 1335 4099 atque

110 4129 253 4214 praemia
275 4141 515 4216 proponentem
555 4131 718 4199 Iustitiam
740 4130 796 4217 qui
816 4127 944 4210 nolunt,
973 4141 1006 4194 ot
1025 4129 1162 4197 darana
1175 4129 1270 4209 uitia,
1296 4143 1335 4207 pt
