2904 4942
377 341 687 414 asseverantem
708 340 923 400 Hobruieomru.
1061 322 1064 330 ¹
1197 336 1259 406 lss'l

83 500 148 568 trus
177 522 406 590 nonnunquam
434 504 470 572 io
499 501 581 570 alias
610 524 738 591 qnoque
765 527 818 571 res
844 500 1059 587 transfumat,
1074 520 1122 573 ut
1144 501 1261 573 ninere

83 619 239 689 ll’salmo
259 619 371 701 XLV,'
391 627 427 688 8:
517 644 520 649 ·

460 757 532 813 rua
564 755 669 810 rrum
693 754 761 830 pur
783 755 878 810 narra

418 859 522 944 aruis
543 862 647 933 nutu
671 872 766 947 rann
790 875 827 945 q:
842 863 881 931 ta

452 1030 460 1039 ..
530 988 686 1069 ιγ’-ων)
710 986 795 1067 qtnn
817 994 884 1068 ann

244 1090 364 1178 Diligis
383 1094 543 1176 justitiam
564 1109 599 1163 at
618 1099 780 1163 aversaris
803 1096 1054 1183 improbitatem

246 1209 430 1301 Propterea
442 1215 534 1302 auxit
553 1212 717 1313 tollens,
741 1214 831 1278 Deus
852 1227 951 1293 tuua‚'

248 1326 331 1392 Oleo
354 1326 495 1395 laetitiae
516 1331 786 1429 praprsotlalibus
808 1334 881 1396 tuis.

83 1467 132 1511 rae
155 1447 216 1509 hoe
238 1444 310 1509 loeo
334 1445 469 1512 habetur
491 1446 631 1530 locutio,
656 1449 728 1515 oleo
748 1449 891 1514 laetitiae
912 1471 1051 1536 ungere,
1072 1449 1158 1514 idem
1172 1464 1266 1514 sonat

83 1583 134 1649 que
164 1561 287 1627 laetitia
315 1565 473 1650 gaudiove
504 1565 645 1632 alfieere.
692 1568 800 1634 Possit
828 1570 957 1653 quidem
987 1568 1108 1633 locutio
1138 1564 1196 1630 illa
1223 1566 1264 1632 ab

103 1703 229 1767 quoque
252 1684 419 1764 unctione,
444 1705 524 1768 quaa
545 1686 580 1751 in
604 1687 762 1750 conviviis
779 1684 971 1750 lautioribus
989 1682 1093 1749 locum
1112 1683 1265 1764 babebat,

83 1799 196 1873 rivari3
233 1818 344 1863 verum
380 1822 452 1864 eum
481 1817 704 1889 argumentum
733 1801 853 1868 Psalmi
883 1803 917 1865 io
949 1799 1149 1866 celebrandis
1178 1804 1266 1888 regis

83 1918 208 2002 laedam
225 1912 394 1982 virtutibus
413 1896 566 2000 versetur,
591 1910 883 2006 solennem'pot'ina
905 1917 994 1984 illam
1015 1940 1126 2007 regum
1144 1921 1266 1986 unctio·

83 2057 134 2115 m,
164 2028 244 2118 qnae
266 2037 299 2099 in
322 2058 486 2103 sacrorum
508 2016 625 2104 rituum
648 2061 782 2107 numero
804 2037 1000 2119 habebatur,
1033 2032 1167 2123 apobtb
1188 2059 1264 2123 ape·

83 2166 157 2221 rtem
178 2154 279 2218 fnisse
301 2136 563 2221 existimaverim

551 2363 581 2438 ς.
596 2351 752 2424 ‘Lxxv.

128 2512 229 2584 Porro
252 2513 348 2574 etiam
378 2531 420 2574 ax
442 2512 549 2597 prisca
570 2512 675 2598 gentis
704 2502 782 2581 suae
805 2511 962 2592 historia,
995 2513 1065 2575 sive
1095 2512 1267 2580 traditione

83 2631 200 2696 ationis
222 2612 301 2693 suaa
324 2627 445 2693 lumina
461 2626 685 2693 Hebraeorum
707 2635 822 2715 politae
845 2643 970 2719 petunt.
1002 2627 1039 2695 In
1064 2633 1268 2713 antiquorum

83 2769 223 2835 naporum
252 2746 348 2810 rebus
379 2744 425 2810 nil
454 2747 581 2829 majus,
618 2744 665 2809 nil
704 2734 944 2811 memorabilius
972 2745 1135 2810 Hebraeis
1163 2748 1269 2815 uisum

83 2871 120 2946 it,
156 2887 251 2952 quam
279 2869 379 2930 mirus
409 2862 464 2928 illa
486 2886 528 2928 ex
552 2863 700 2951 Aegypto
722 2886 889 2950 egressus3
923 2886 984 2949 quo
1014 2877 1156 2946 tempora
1177 2862 1269 2927 Deus
1390 2858 1393 2865 ’

83 2985 309 3073 rnilertisaime
342 2987 460 3048 amarit
496 2984 547 3047 sui
582 2983 616 3044 io
651 2981 801 3067 populum
832 2981 1042 3048 israeliticum
1066 2982 1270 3045 ‘documenta

83 3104 186 3170 illese
213 3101 394 3187 putabatur.
445 3099 591 3187 Namque
620 3102 820 3186 gravissimis
848 3098 1110 3187 castigationibus
1131 3099 1270 3184 Aegypti

83 3240 158 3311 gem
182 3232 397 3305 permoverat,
420 3234 457 3284 ut
478 3218 529 3282 vel
550 3221 669 3283 invitos
690 3217 841 3304 populum
857 3217 1055 3282 Hebraioum
1077 3219 1269 3295 dimitteret3
1395 3238 1397 3243 ·

83 3341 175 3407 laum
202 3338 317 3403 deiude
346 3359 406 3422 per
426 3340 551 3402 medios
580 3341 678 3402 maris
702 3338 873 3420 Erythraei
899 3334 1014 3398 fluetus
1044 3336 1181 3399 eundem
1212 3354 1271 3419 pu·

83 3459 157 3526 torn
178 3461 366 3542 trajeaerat,
396 3457 628 3543 Aegyptiorum
651 3467 763 3519 eontra
785 3455 960 3518 exereitum
989 3452 1083 3516 undis
1104 3451 1270 3524 obruente

83 3577 165 3642 tibus
194 3575 290 3639 rubus
318 3576 508 3662 apparebat,
548 3595 643 3660 quam
676 3592 768 3635 euros
804 3585 1015 3656 aeoeptosqua
1044 3567 1133 3630 Deus
1164 3563 1273 3652 pupuli

83 3692 220 3760 retituet
243 3697 383 3777 an'ores
406 3691 563 3757 habuerit.
600 3687 702 3766 Quae
725 3691 843 3752 amoris
864 3688 1039 3771 auxiliique
1061 3685 1163 3748 divini
1183 3684 1274 3748 testi·

83 3815 159 3877 onia
182 3832 247 3874 non
266 3809 653 3896 pannoniarum
679 3811 795 3872 animia
822 3827 884 3869 non
913 3803 1098 3881 obversari,
1126 3803 1273 3886 quoties-

83 3930 177 4018 tu'que
210 3928 408 4014 temporibus
445 3927 688 4012 insequentibus
724 3925 820 3990 rebus
862 3904 1006 3988 adversis
1041 3931 1272 4005 premerentur,

83 4046 229 4134 r'xiliiqna
250 4049 352 4112 divini
379 4047 572 4133 indigerent.
622 4043 731 4121 Quare
752 4056 784 4107 et
805 4041 1029 4108 Hebraeorum
1052 4045 1184 4123 poetae,
1206 4054 1276 4098 ma-

83 4170 141 4237 ana
161 4186 242 4233 vero
264 4163 457 4251 propbetas,
488 4162 617 4250 quando
642 4163 767 4227 tristem
794 4159 904 4248 populi
932 4159 1130 4263 nuisement
1149 4150 1275 4239 lugent,

973 4281 1026 4342 9*
