<?xml version="1.0" encoding="UTF-8"?>
<!DOCTYPE html PUBLIC "-//W3C//DTD XHTML 1.0 Transitional//EN"
    "http://www.w3.org/TR/xhtml1/DTD/xhtml1-transitional.dtd">
<html xmlns="http://www.w3.org/1999/xhtml" xml:lang="en" lang="en">
 <head>
  <title>
</title>
<meta http-equiv="Content-Type" content="text/html;charset=utf-8" />
  <meta name='ocr-system' content='tesseract 3.04.00' />
  <meta name='ocr-capabilities' content='ocr_page ocr_carea ocr_par ocr_line ocrx_word'/>
</head>
<body>
  <div class='ocr_page' id='page_1' title='image "./joannisgeorgiiw00wenrgoog_0019.png"; bbox 0 0 2904 4942; ppageno 0'>
   <div class='ocr_carea' id='block_1_1' title="bbox 200 333 955 409">
    <p class='ocr_par' dir='ltr' id='par_1_1' title="bbox 200 333 955 409">
     <span class='ocr_line' id='line_1_1' title="bbox 200 333 955 409; baseline -0.001 -17"><span class='ocrx_word' id='word_1_1' title='bbox 200 337 221 392; x_wconf 85' lang='lat'>4</span> <span class='ocrx_word' id='word_1_2' title='bbox 674 333 745 390; x_wconf 79' lang='lat' dir='ltr'><strong>Para</strong></span> <span class='ocrx_word' id='word_1_3' title='bbox 767 333 792 392; x_wconf 88' lang='grc' dir='ltr'><strong>Ι.</strong></span> <span class='ocrx_word' id='word_1_4' title='bbox 838 334 905 409; x_wconf 80' lang='lat' dir='ltr'><strong>Gap.</strong></span> <span class='ocrx_word' id='word_1_5' title='bbox 930 333 955 391; x_wconf 89' lang='lat'><strong>1.</strong></span> 
     </span>
    </p>
   </div>
   <div class='ocr_carea' id='block_1_2' title="bbox 196 493 1427 1386">
    <p class='ocr_par' dir='ltr' id='par_1_2' title="bbox 196 493 1427 1386">
     <span class='ocr_line' id='line_1_2' title="bbox 199 493 1427 583; baseline -0.003 -23"><span class='ocrx_word' id='word_1_6' title='bbox 199 498 368 574; x_wconf 88' lang='lat' dir='ltr'><strong>sententia,</strong></span> <span class='ocrx_word' id='word_1_7' title='bbox 394 498 447 581; x_wconf 92' lang='lat' dir='ltr'><strong>qui</strong></span> <span class='ocrx_word' id='word_1_8' title='bbox 470 493 743 561; x_wconf 88' lang='lat' dir='ltr'><strong>absolutissimum</strong></span> <span class='ocrx_word' id='word_1_9' title='bbox 772 495 853 559; x_wconf 92' lang='lat' dir='ltr'><strong>illud</strong></span> <span class='ocrx_word' id='word_1_10' title='bbox 881 504 1015 580; x_wconf 69' lang='lat' dir='ltr'><strong>poeseos</strong></span> <span class='ocrx_word' id='word_1_11' title='bbox 1039 496 1220 583; x_wconf 85' lang='lat' dir='ltr'><strong>Hebraioae</strong></span> <span class='ocrx_word' id='word_1_12' title='bbox 1247 496 1427 579; x_wconf 79' lang='lat' dir='ltr'>specimen,</span> 
     </span>
     <span class='ocr_line' id='line_1_3' title="bbox 198 613 1424 699; baseline 0 -23"><span class='ocrx_word' id='word_1_13' title='bbox 198 613 315 678; x_wconf 92' lang='lat' dir='ltr'><strong>librum</strong></span> <span class='ocrx_word' id='word_1_14' title='bbox 338 613 435 694; x_wconf 82' lang='lat' dir='ltr'><strong>Jodt‘,</strong></span> <span class='ocrx_word' id='word_1_15' title='bbox 466 616 536 696; x_wconf 85' lang='lat' dir='ltr'><strong>jam</strong></span> <span class='ocrx_word' id='word_1_16' title='bbox 558 627 632 677; x_wconf 89' lang='lat' dir='ltr'><strong>ante</strong></span> <span class='ocrx_word' id='word_1_17' title='bbox 661 615 788 679; x_wconf 84' lang='lat' dir='ltr'><strong>Mocem</strong></span> <span class='ocrx_word' id='word_1_18' title='bbox 818 617 1028 699; x_wconf 87' lang='lat' dir='ltr'><strong>compositum</strong></span> <span class='ocrx_word' id='word_1_19' title='bbox 1055 615 1156 678; x_wconf 86' lang='lat' dir='ltr'><strong>fuisse</strong></span> <span class='ocrx_word' id='word_1_20' title='bbox 1183 616 1305 699; x_wconf 85' lang='lat' dir='ltr'><strong>opinati</strong></span> <span class='ocrx_word' id='word_1_21' title='bbox 1335 624 1424 676; x_wconf 88' lang='lat' dir='ltr'><strong>sunt.</strong></span> 
     </span>
     <span class='ocr_line' id='line_1_4' title="bbox 199 731 1425 817; baseline -0.002 -22"><span class='ocrx_word' id='word_1_22' title='bbox 199 731 290 808; x_wconf 79' lang='lat' dir='ltr'><strong>Quae</strong></span> <span class='ocrx_word' id='word_1_23' title='bbox 319 735 430 816; x_wconf 92' lang='lat' dir='ltr'><strong>opinio</strong></span> <span class='ocrx_word' id='word_1_24' title='bbox 460 752 532 794; x_wconf 90' lang='lat' dir='ltr'><strong>cum</strong></span> <span class='ocrx_word' id='word_1_25' title='bbox 564 734 603 795; x_wconf 84' lang='lat' dir='ltr'><strong>ad</strong></span> <span class='ocrx_word' id='word_1_26' title='bbox 632 732 847 797; x_wconf 89' lang='lat' dir='ltr'><strong>definiendam</strong></span> <span class='ocrx_word' id='word_1_27' title='bbox 883 741 1017 817; x_wconf 63' lang='lat' dir='ltr'><strong>poeseos</strong></span> <span class='ocrx_word' id='word_1_28' title='bbox 1047 732 1229 796; x_wconf 82' lang='lat' dir='ltr'><strong>Hebraicne</strong></span> <span class='ocrx_word' id='word_1_29' title='bbox 1264 733 1425 816; x_wconf 80' lang='lat' dir='ltr'><strong>originem</strong></span> 
     </span>
     <span class='ocr_line' id='line_1_5' title="bbox 198 849 1425 935; baseline -0.002 -23"><span class='ocrx_word' id='word_1_30' title='bbox 198 849 283 914; x_wconf 84' lang='lat' dir='ltr'><strong>baud</strong></span> <span class='ocrx_word' id='word_1_31' title='bbox 305 872 415 935; x_wconf 86' lang='lat' dir='ltr'><strong>parum</strong></span> <span class='ocrx_word' id='word_1_32' title='bbox 439 850 553 924; x_wconf 84' lang='lat' dir='ltr'><strong>faciat3</strong></span> <span class='ocrx_word' id='word_1_33' title='bbox 577 853 833 917; x_wconf 80' lang='lat' dir='ltr'><strong>doctissimorum</strong></span> <span class='ocrx_word' id='word_1_34' title='bbox 858 864 1023 935; x_wconf 84' lang='lat' dir='ltr'><strong>praeterea</strong></span> <span class='ocrx_word' id='word_1_35' title='bbox 1045 854 1204 929; x_wconf 89' lang='lat' dir='ltr'><strong>virorum,</strong></span> <span class='ocrx_word' id='word_1_36' title='bbox 1232 849 1425 934; x_wconf 80' lang='lat' dir='ltr'><strong>Cnrpzooc‘c&#39;,</strong></span> 
     </span>
     <span class='ocr_line' id='line_1_6' title="bbox 196 963 1423 1050; baseline -0.003 -21"><span class='ocrx_word' id='word_1_37' title='bbox 196 966 363 1047; x_wconf 80' lang='lat' dir='ltr'><strong>Lowtdr‘i,</strong></span> <span class='ocrx_word' id='word_1_38' title='bbox 401 969 447 1032; x_wconf 89' lang='lat' dir='ltr'><strong>H.</strong></span> <span class='ocrx_word' id='word_1_39' title='bbox 472 969 516 1032; x_wconf 84' lang='lat' dir='ltr'><strong>A.</strong></span> <span class='ocrx_word' id='word_1_40' title='bbox 540 966 765 1050; x_wconf 79' lang='lat' dir='ltr'><strong>Schultencit&#39;,</strong></span> <span class='ocrx_word' id='word_1_41' title='bbox 808 968 1023 1050; x_wconf 58' lang='lat' dir='ltr'><strong>Eicdltorm&#39;t,</strong></span> <span class='ocrx_word' id='word_1_42' title='bbox 1064 967 1275 1049; x_wconf 74' lang='lat' dir='ltr'><strong>Stodlmanni</strong></span> <span class='ocrx_word' id='word_1_43' title='bbox 1286 1010 1296 1044; x_wconf 95' lang='lat'><strong>,</strong></span> <span class='ocrx_word' id='word_1_44' title='bbox 1338 963 1423 1027; x_wconf 87' lang='lat' dir='ltr'><strong>Ber-</strong></span> 
     </span>
     <span class='ocr_line' id='line_1_7' title="bbox 197 1084 1423 1172; baseline -0.004 -25"><span class='ocrx_word' id='word_1_45' title='bbox 197 1084 320 1148; x_wconf 74' lang='lat' dir='ltr'><strong>ttotdtt</strong></span> <span class='ocrx_word' id='word_1_46' title='bbox 347 1084 546 1172; x_wconf 85' lang='lat' dir='ltr'><strong>aliorumque</strong></span> <span class='ocrx_word' id='word_1_47' title='bbox 570 1088 811 1152; x_wconf 74' lang='lat' dir='ltr'><strong>commendetur</strong></span> <span class='ocrx_word' id='word_1_48' title='bbox 835 1092 1023 1153; x_wconf 85' lang='lat' dir='ltr'><strong>anctoritate</strong></span> <span class='ocrx_word' id='word_1_49' title='bbox 1049 1090 1097 1171; x_wconf 82' lang='lat'><strong>³),</strong></span> <span class='ocrx_word' id='word_1_50' title='bbox 1137 1108 1252 1172; x_wconf 83' lang='lat' dir='ltr'><strong>operae</strong></span> <span class='ocrx_word' id='word_1_51' title='bbox 1283 1084 1423 1168; x_wconf 90' lang='lat' dir='ltr'><strong>pretium</strong></span> 
     </span>
     <span class='ocr_line' id='line_1_8' title="bbox 198 1203 1424 1292; baseline -0.002 -28"><span class='ocrx_word' id='word_1_52' title='bbox 198 1203 340 1281; x_wconf 89' lang='lat' dir='ltr'><strong>videtur,</strong></span> <span class='ocrx_word' id='word_1_53' title='bbox 370 1207 514 1289; x_wconf 91' lang='lat' dir='ltr'><strong>potiora,</strong></span> <span class='ocrx_word' id='word_1_54' title='bbox 548 1204 665 1290; x_wconf 88' lang='lat' dir='ltr'><strong>quibus</strong></span> <span class='ocrx_word' id='word_1_55' title='bbox 687 1207 799 1290; x_wconf 90' lang='lat' dir='ltr'><strong>opinio</strong></span> <span class='ocrx_word' id='word_1_56' title='bbox 821 1206 877 1270; x_wconf 91' lang='lat' dir='ltr'><strong>illa</strong></span> <span class='ocrx_word' id='word_1_57' title='bbox 897 1206 1046 1286; x_wconf 85' lang='lat' dir='ltr'><strong>fulcitur,</strong></span> <span class='ocrx_word' id='word_1_58' title='bbox 1077 1215 1264 1292; x_wconf 83' lang='lat' dir='ltr'><strong>argumenta</strong></span> <span class='ocrx_word' id='word_1_59' title='bbox 1284 1204 1318 1264; x_wconf 92' lang='lat' dir='ltr'><strong>in</strong></span> <span class='ocrx_word' id='word_1_60' title='bbox 1342 1220 1424 1262; x_wconf 85' lang='lat' dir='ltr'><strong>exa·</strong></span> 
     </span>
     <span class='ocr_line' id='line_1_9' title="bbox 197 1341 431 1386; baseline 0.017 -4"><span class='ocrx_word' id='word_1_61' title='bbox 197 1341 269 1384; x_wconf 88' lang='lat' dir='ltr'><strong>men</strong></span> <span class='ocrx_word' id='word_1_62' title='bbox 294 1341 431 1386; x_wconf 76' lang='lat' dir='ltr'><strong>vocare.</strong></span> 
     </span>
    </p>
   </div>
   <div class='ocr_carea' id='block_1_3' title="bbox 717 1436 855 1574">
    <p class='ocr_par' dir='ltr' id='par_1_3' title="bbox 717 1436 855 1574">
     <span class='ocr_line' id='line_1_10' title="bbox 717 1436 855 1574; baseline 0.007 -20"><span class='ocrx_word' id='word_1_63' title='bbox 717 1436 720 1441; x_wconf 27' lang='lat'>¹</span> <span class='ocrx_word' id='word_1_64' title='bbox 759 1499 789 1574; x_wconf 81' lang='lat' dir='ltr'><strong>t·</strong></span> <span class='ocrx_word' id='word_1_65' title='bbox 813 1490 855 1555; x_wconf 88' lang='lat' dir='ltr'><strong>n.</strong></span> 
     </span>
    </p>
   </div>
   <div class='ocr_carea' id='block_1_4' title="bbox 152 1619 1421 2653">
    <p class='ocr_par' dir='ltr' id='par_1_4' title="bbox 152 1619 1421 1944">
     <span class='ocr_line' id='line_1_11' title="bbox 179 1619 1421 1725; baseline -0.002 -35"><span class='ocrx_word' id='word_1_66' title='bbox 179 1666 181 1671; x_wconf 58' lang='lat'>&gt;</span> <span class='ocrx_word' id='word_1_67' title='bbox 210 1718 216 1725; x_wconf 55' lang='lat'><strong>,</strong></span> <span class='ocrx_word' id='word_1_68' title='bbox 280 1626 415 1691; x_wconf 90' lang='lat' dir='ltr'><strong>Librum</strong></span> <span class='ocrx_word' id='word_1_69' title='bbox 445 1627 527 1692; x_wconf 67' lang='lat' dir='ltr'><strong>tots·</strong></span> <span class='ocrx_word' id='word_1_70' title='bbox 554 1643 628 1692; x_wconf 87' lang='lat' dir='ltr'><strong>ante</strong></span> <span class='ocrx_word' id='word_1_71' title='bbox 658 1629 765 1694; x_wconf 75' lang='lat' dir='ltr'><strong>Morta</strong></span> <span class='ocrx_word' id='word_1_72' title='bbox 796 1629 934 1691; x_wconf 86' lang='lat' dir='ltr'><strong>aetatem</strong></span> <span class='ocrx_word' id='word_1_73' title='bbox 963 1628 1063 1691; x_wconf 89' lang='lat' dir='ltr'><strong>fuisse</strong></span> <span class='ocrx_word' id='word_1_74' title='bbox 1097 1628 1328 1709; x_wconf 85' lang='lat' dir='ltr'><strong>compositum,</strong></span> <span class='ocrx_word' id='word_1_75' title='bbox 1368 1619 1421 1682; x_wconf 85' lang='lat' dir='ltr'><strong>his</strong></span> 
     </span>
     <span class='ocr_line' id='line_1_12' title="bbox 152 1726 1420 1840; baseline -0.007 -32"><span class='ocrx_word' id='word_1_76' title='bbox 152 1726 169 1751; x_wconf 40' lang='grc' dir='ltr'>Ἰ</span> <span class='ocrx_word' id='word_1_77' title='bbox 194 1749 335 1809; x_wconf 85' lang='lat' dir='ltr'><strong>maxime</strong></span> <span class='ocrx_word' id='word_1_78' title='bbox 363 1749 560 1832; x_wconf 71' lang='lat' dir='ltr'><strong>argumentis</strong></span> <span class='ocrx_word' id='word_1_79' title='bbox 591 1750 750 1833; x_wconf 80' lang='lat' dir='ltr'><strong>opinionis</strong></span> <span class='ocrx_word' id='word_1_80' title='bbox 778 1745 866 1811; x_wconf 80' lang='lat' dir='ltr'><strong>illius</strong></span> <span class='ocrx_word' id='word_1_81' title='bbox 893 1759 1041 1840; x_wconf 81' lang='lat' dir='ltr'><strong>auctores</strong></span> <span class='ocrx_word' id='word_1_82' title='bbox 1057 1759 1157 1829; x_wconf 87' lang='lat' dir='ltr'><strong>atqne</strong></span> <span class='ocrx_word' id='word_1_83' title='bbox 1179 1743 1303 1829; x_wconf 88' lang='lat' dir='ltr'><strong>patroni</strong></span> <span class='ocrx_word' id='word_1_84' title='bbox 1325 1741 1420 1801; x_wconf 86' lang='lat' dir='ltr'><strong>evin-</strong></span> 
     </span>
     <span class='ocr_line' id='line_1_13' title="bbox 194 1880 1196 1944; baseline 0.007 -18"><span class='ocrx_word' id='word_1_85' title='bbox 194 1883 268 1926; x_wconf 92' lang='lat' dir='ltr'><strong>cere</strong></span> <span class='ocrx_word' id='word_1_86' title='bbox 293 1880 466 1929; x_wconf 89' lang='lat' dir='ltr'><strong>conantur:</strong></span> <span class='ocrx_word' id='word_1_87' title='bbox 1192 1933 1196 1944; x_wconf 82' lang='grc'>,</span> 
     </span>
    </p>

    <p class='ocr_par' dir='ltr' id='par_1_5' title="bbox 187 1959 1418 2653">
     <span class='ocr_line' id='line_1_14' title="bbox 286 1959 1418 2064; baseline -0.007 -19"><span class='ocrx_word' id='word_1_88' title='bbox 286 1979 321 2064; x_wconf 89' lang='lat' dir='ltr'><strong>l)</strong></span> <span class='ocrx_word' id='word_1_89' title='bbox 354 1982 389 2046; x_wconf 93' lang='lat' dir='ltr'><strong>ln</strong></span> <span class='ocrx_word' id='word_1_90' title='bbox 421 1982 502 2047; x_wconf 81' lang='lat' dir='ltr'><strong>Jobc&#39;</strong></span> <span class='ocrx_word' id='word_1_91' title='bbox 534 1981 619 2046; x_wconf 91' lang='lat' dir='ltr'><strong>libro</strong></span> <span class='ocrx_word' id='word_1_92' title='bbox 656 1959 764 2045; x_wconf 84' lang='lat' dir='ltr'><strong>omnia</strong></span> <span class='ocrx_word' id='word_1_93' title='bbox 802 2004 961 2047; x_wconf 87' lang='lat' dir='ltr'><strong>summam</strong></span> <span class='ocrx_word' id='word_1_94' title='bbox 993 1981 1140 2047; x_wconf 84' lang='lat' dir='ltr'><strong>redolent</strong></span> <span class='ocrx_word' id='word_1_95' title='bbox 1175 1980 1418 2064; x_wconf 80' lang='lat' dir='ltr'><strong>antiqnitatem3</strong></span> 
     </span>
     <span class='ocr_line' id='line_1_15' title="bbox 192 2088 1418 2185; baseline -0.002 -27"><span class='ocrx_word' id='word_1_96' title='bbox 192 2116 329 2182; x_wconf 85' lang='lat' dir='ltr'><strong>namque</strong></span> <span class='ocrx_word' id='word_1_97' title='bbox 351 2099 546 2163; x_wconf 70' lang='lat' dir='ltr'><strong>familiarum</strong></span> <span class='ocrx_word' id='word_1_98' title='bbox 561 2088 685 2184; x_wconf 71' lang='lat' dir='ltr'><strong>&#39;patres</strong></span> <span class='ocrx_word' id='word_1_99' title='bbox 711 2121 769 2183; x_wconf 92' lang='lat' dir='ltr'><strong>pro</strong></span> <span class='ocrx_word' id='word_1_100' title='bbox 792 2102 1085 2185; x_wconf 85' lang='lat' dir='ltr'><strong>antiquissimorum</strong></span> <span class='ocrx_word' id='word_1_101' title='bbox 1116 2115 1290 2184; x_wconf 86' lang='lat' dir='ltr'><strong>temporum</strong></span> <span class='ocrx_word' id='word_1_102' title='bbox 1323 2114 1418 2156; x_wconf 87' lang='lat' dir='ltr'><strong>more</strong></span> 
     </span>
     <span class='ocr_line' id='line_1_16' title="bbox 191 2211 1417 2309; baseline 0 -34"><span class='ocrx_word' id='word_1_103' title='bbox 191 2214 251 2296; x_wconf 89' lang='lat' dir='ltr'><strong>ipsi</strong></span> <span class='ocrx_word' id='word_1_104' title='bbox 284 2236 376 2279; x_wconf 89' lang='lat' dir='ltr'><strong>sacra</strong></span> <span class='ocrx_word' id='word_1_105' title='bbox 405 2219 548 2296; x_wconf 85' lang='lat' dir='ltr'><strong>faciunt,</strong></span> <span class='ocrx_word' id='word_1_106' title='bbox 584 2238 690 2305; x_wconf 88' lang='lat' dir='ltr'><strong>neque</strong></span> <span class='ocrx_word' id='word_1_107' title='bbox 720 2220 923 2283; x_wconf 87' lang='lat' dir='ltr'><strong>sacerdotum</strong></span> <span class='ocrx_word' id='word_1_108' title='bbox 953 2221 1058 2296; x_wconf 89' lang='lat' dir='ltr'><strong>ordo,</strong></span> <span class='ocrx_word' id='word_1_109' title='bbox 1093 2221 1148 2305; x_wconf 88' lang='lat' dir='ltr'><strong>qui</strong></span> <span class='ocrx_word' id='word_1_110' title='bbox 1180 2215 1256 2309; x_wconf 82' lang='lat' dir='ltr'><strong>iude</strong></span> <span class='ocrx_word' id='word_1_111' title='bbox 1286 2234 1307 2277; x_wconf 89' lang='lat' dir='ltr'><strong>a</strong></span> <span class='ocrx_word' id='word_1_112' title='bbox 1335 2211 1417 2276; x_wconf 90' lang='lat' dir='ltr'><strong>Mo-</strong></span> 
     </span>
     <span class='ocr_line' id='line_1_17' title="bbox 192 2331 1417 2420; baseline 0.002 -30"><span class='ocrx_word' id='word_1_113' title='bbox 192 2334 239 2391; x_wconf 76' lang='lat' dir='ltr'><strong>tis</strong></span> <span class='ocrx_word' id='word_1_114' title='bbox 266 2344 369 2396; x_wconf 86' lang='lat' dir='ltr'><strong>aetate</strong></span> <span class='ocrx_word' id='word_1_115' title='bbox 392 2334 477 2397; x_wconf 87' lang='lat' dir='ltr'><strong>inter</strong></span> <span class='ocrx_word' id='word_1_116' title='bbox 498 2334 671 2400; x_wconf 85' lang='lat' dir='ltr'><strong>Hebraeos</strong></span> <span class='ocrx_word' id='word_1_117' title='bbox 693 2335 848 2415; x_wconf 89' lang='lat' dir='ltr'><strong>obtinuit,</strong></span> <span class='ocrx_word' id='word_1_118' title='bbox 885 2337 962 2401; x_wconf 91' lang='lat' dir='ltr'><strong>libri</strong></span> <span class='ocrx_word' id='word_1_119' title='bbox 990 2337 1115 2401; x_wconf 88' lang='lat' dir='ltr'><strong>auctori</strong></span> <span class='ocrx_word' id='word_1_120' title='bbox 1143 2335 1289 2420; x_wconf 83' lang='lat' dir='ltr'><strong>cognitus</strong></span> <span class='ocrx_word' id='word_1_121' title='bbox 1311 2331 1417 2396; x_wconf 83' lang='lat' dir='ltr'><strong>fuisse</strong></span> 
     </span>
     <span class='ocr_line' id='line_1_18' title="bbox 189 2446 1417 2541; baseline 0.02 -34"><span class='ocrx_word' id='word_1_122' title='bbox 189 2446 345 2512; x_wconf 76' lang='lat' dir='ltr'><strong>videtur.</strong></span> <span class='ocrx_word' id='word_1_123' title='bbox 390 2449 615 2517; x_wconf 87' lang='lat' dir='ltr'><strong>Memorantnr</strong></span> <span class='ocrx_word' id='word_1_124' title='bbox 651 2455 779 2538; x_wconf 88' lang='lat' dir='ltr'><strong>quidem</strong></span> <span class='ocrx_word' id='word_1_125' title='bbox 818 2478 886 2541; x_wconf 89' lang='lat' dir='ltr'><strong>cap.</strong></span> <span class='ocrx_word' id='word_1_126' title='bbox 916 2455 1003 2534; x_wconf 90' lang='grc' dir='ltr'><strong>ΧΠ,</strong></span> <span class='ocrx_word' id='word_1_127' title='bbox 1037 2477 1067 2517; x_wconf 78' lang='grc' dir='ltr'><strong>ν.</strong></span> <span class='ocrx_word' id='word_1_128' title='bbox 1092 2460 1132 2519; x_wconf 83' lang='grc'><strong>19</strong></span> <span class='ocrx_word' id='word_1_129' title='bbox 1161 2467 1283 2529; x_wconf 59' lang='grc' dir='ltr'><strong>ῦῢῧδ,</strong></span> <span class='ocrx_word' id='word_1_130' title='bbox 1326 2453 1417 2536; x_wconf 62' lang='lat' dir='ltr'><strong>(iuml</strong></span> 
     </span>
     <span class='ocr_line' id='line_1_19' title="bbox 187 2567 1417 2653; baseline 0.004 -27"><span class='ocrx_word' id='word_1_131' title='bbox 187 2575 294 2628; x_wconf 88' lang='lat' dir='ltr'><strong>tamen</strong></span> <span class='ocrx_word' id='word_1_132' title='bbox 318 2567 509 2634; x_wconf 86' lang='lat' dir='ltr'><strong>vocabulum</strong></span> <span class='ocrx_word' id='word_1_133' title='bbox 530 2591 569 2634; x_wconf 90' lang='lat' dir='ltr'><strong>eo</strong></span> <span class='ocrx_word' id='word_1_134' title='bbox 597 2569 670 2636; x_wconf 91' lang='lat' dir='ltr'><strong>loco</strong></span> <span class='ocrx_word' id='word_1_135' title='bbox 701 2595 766 2637; x_wconf 89' lang='lat' dir='ltr'><strong>nou</strong></span> <span class='ocrx_word' id='word_1_136' title='bbox 795 2575 1001 2653; x_wconf 72' lang='lat' dir='ltr'><strong>sacerdotes,</strong></span> <span class='ocrx_word' id='word_1_137' title='bbox 1038 2593 1150 2637; x_wconf 87' lang='lat' dir='ltr'><strong>verum</strong></span> <span class='ocrx_word' id='word_1_138' title='bbox 1172 2571 1336 2635; x_wconf 85' lang='lat' dir='ltr'><strong>adinstar</strong></span> <span class='ocrx_word' id='word_1_139' title='bbox 1359 2590 1417 2632; x_wconf 90' lang='lat' dir='ltr'><strong>se-</strong></span> 
     </span>
    </p>
   </div>
   <div class='ocr_carea' id='block_1_5' title="bbox 4 2680 1419 2781">
    <p class='ocr_par' dir='ltr' id='par_1_6' title="bbox 4 2680 1419 2781">
     <span class='ocr_line' id='line_1_20' title="bbox 4 2680 1419 2781; baseline -0.018 -10"><span class='ocrx_word' id='word_1_140' title='bbox 4 2680 8 2685; x_wconf 28' lang='lat'>·</span> <span class='ocrx_word' id='word_1_141' title='bbox 86 2776 89 2781; x_wconf 44' lang='grc'>,</span> <span class='ocrx_word' id='word_1_142' title='bbox 186 2686 314 2766; x_wconf 67' lang='lat' dir='ltr'><strong>‘lufflfiss</strong></span> <span class='ocrx_word' id='word_1_143' title='bbox 344 2701 472 2765; x_wconf 58' lang='lat' dir='ltr'><strong>venun,</strong></span> <span class='ocrx_word' id='word_1_144' title='bbox 507 2698 677 2779; x_wconf 66' lang='lat' dir='ltr'><strong>potentes,</strong></span> <span class='ocrx_word' id='word_1_145' title='bbox 710 2698 884 2776; x_wconf 76' lang='lat' dir='ltr'><strong>optimates</strong></span> <span class='ocrx_word' id='word_1_146' title='bbox 912 2691 1085 2781; x_wconf 82' lang='lat' dir='ltr'><strong>significat.</strong></span> <span class='ocrx_word' id='word_1_147' title='bbox 1136 2686 1288 2760; x_wconf 79' lang='lat' dir='ltr'><strong>Accedit,</strong></span> <span class='ocrx_word' id='word_1_148' title='bbox 1326 2685 1419 2770; x_wconf 89' lang='lat' dir='ltr'><strong>quod</strong></span> 
     </span>
    </p>
   </div>
   <div class='ocr_carea' id='block_1_6' title="bbox 91 2795 1416 3252">
    <p class='ocr_par' dir='ltr' id='par_1_7' title="bbox 91 2795 1416 3252">
     <span class='ocr_line' id='line_1_21' title="bbox 183 2795 1416 2892; baseline 0.003 -30"><span class='ocrx_word' id='word_1_149' title='bbox 183 2801 369 2869; x_wconf 88' lang='lat' dir='ltr'><strong>senioribus</strong></span> <span class='ocrx_word' id='word_1_150' title='bbox 399 2829 494 2892; x_wconf 88' lang='lat' dir='ltr'><strong>quarn</strong></span> <span class='ocrx_word' id='word_1_151' title='bbox 524 2811 685 2873; x_wconf 83' lang='lat' dir='ltr'><strong>maximus</strong></span> <span class='ocrx_word' id='word_1_152' title='bbox 708 2795 871 2873; x_wconf 50' lang='lat' dir='ltr'><strong>¹habentur</strong></span> <span class='ocrx_word' id='word_1_153' title='bbox 899 2808 1025 2888; x_wconf 88' lang='lat' dir='ltr'><strong>honos,</strong></span> <span class='ocrx_word' id='word_1_154' title='bbox 1067 2810 1109 2871; x_wconf 85' lang='lat' dir='ltr'><strong>iis</strong></span> <span class='ocrx_word' id='word_1_155' title='bbox 1138 2803 1216 2871; x_wconf 85' lang='lat' dir='ltr'><strong>solis</strong></span> <span class='ocrx_word' id='word_1_156' title='bbox 1247 2805 1416 2887; x_wconf 88' lang='lat' dir='ltr'><strong>sapientia</strong></span> 
     </span>
     <span class='ocr_line' id='line_1_22' title="bbox 91 2917 1415 3006; baseline 0.002 -26"><span class='ocrx_word' id='word_1_157' title='bbox 91 2956 95 2965; x_wconf 79' lang='lat'><em>·</em></span> <span class='ocrx_word' id='word_1_158' title='bbox 183 2917 253 2987; x_wconf 82' lang='lat' dir='ltr'><strong>lolli</strong></span> <span class='ocrx_word' id='word_1_159' title='bbox 277 2927 385 2990; x_wconf 79' lang='lat' dir='ltr'><strong>nescia</strong></span> <span class='ocrx_word' id='word_1_160' title='bbox 406 2925 587 3005; x_wconf 86' lang='lat' dir='ltr'><strong>tribuatur,</strong></span> <span class='ocrx_word' id='word_1_161' title='bbox 628 2940 662 2991; x_wconf 88' lang='lat' dir='ltr'><strong>at</strong></span> <span class='ocrx_word' id='word_1_162' title='bbox 687 2930 726 2993; x_wconf 89' lang='lat' dir='ltr'><strong>ad</strong></span> <span class='ocrx_word' id='word_1_163' title='bbox 749 2950 859 2994; x_wconf 84' lang='lat' dir='ltr'><strong>eorum</strong></span> <span class='ocrx_word' id='word_1_164' title='bbox 882 2930 1073 2992; x_wconf 87' lang='lat' dir='ltr'><strong>sententiam</strong></span> <span class='ocrx_word' id='word_1_165' title='bbox 1097 2946 1149 2990; x_wconf 84' lang='lat' dir='ltr'><strong>ree</strong></span> <span class='ocrx_word' id='word_1_166' title='bbox 1172 2921 1289 2987; x_wconf 86' lang='lat' dir='ltr'><strong>dubiae</strong></span> <span class='ocrx_word' id='word_1_167' title='bbox 1312 2935 1415 3006; x_wconf 84' lang='lat' dir='ltr'><strong>atquo</strong></span> 
     </span>
     <span class='ocr_line' id='line_1_23' title="bbox 182 3037 1413 3130; baseline 0.001 -29"><span class='ocrx_word' id='word_1_168' title='bbox 182 3051 410 3106; x_wconf 78' lang='lat' dir='ltr'><strong>controversae</strong></span> <span class='ocrx_word' id='word_1_169' title='bbox 433 3059 684 3129; x_wconf 66' lang='lat' dir='ltr'><strong>componentem</strong></span> <span class='ocrx_word' id='word_1_170' title='bbox 707 3068 803 3130; x_wconf 90' lang='lat' dir='ltr'><strong>quum</strong></span> <span class='ocrx_word' id='word_1_171' title='bbox 827 3062 939 3111; x_wconf 88' lang='lat' dir='ltr'><strong>contra</strong></span> <span class='ocrx_word' id='word_1_172' title='bbox 960 3047 1034 3109; x_wconf 86' lang='lat' dir='ltr'><strong>inde</strong></span> <span class='ocrx_word' id='word_1_173' title='bbox 1056 3067 1076 3108; x_wconf 90' lang='lat' dir='ltr'><strong>a</strong></span> <span class='ocrx_word' id='word_1_174' title='bbox 1097 3040 1203 3107; x_wconf 79' lang='lat' dir='ltr'><strong>Moaia</strong></span> <span class='ocrx_word' id='word_1_175' title='bbox 1225 3050 1332 3103; x_wconf 84' lang='lat' dir='ltr'><strong>aetate</strong></span> <span class='ocrx_word' id='word_1_176' title='bbox 1354 3037 1413 3102; x_wconf 90' lang='lat' dir='ltr'><strong>lex</strong></span> 
     </span>
     <span class='ocr_line' id='line_1_24' title="bbox 182 3153 1411 3252; baseline 0.002 -33"><span class='ocrx_word' id='word_1_177' title='bbox 182 3153 292 3219; x_wconf 89' lang='lat' dir='ltr'><strong>divina</strong></span> <span class='ocrx_word' id='word_1_178' title='bbox 323 3163 429 3226; x_wconf 89' lang='lat' dir='ltr'><strong>omnis</strong></span> <span class='ocrx_word' id='word_1_179' title='bbox 460 3165 639 3247; x_wconf 87' lang='lat' dir='ltr'><strong>sapientiae</strong></span> <span class='ocrx_word' id='word_1_180' title='bbox 668 3163 766 3246; x_wconf 82' lang='lat' dir='ltr'><strong>lons,</strong></span> <span class='ocrx_word' id='word_1_181' title='bbox 809 3168 977 3252; x_wconf 86' lang='lat' dir='ltr'><strong>omnisque</strong></span> <span class='ocrx_word' id='word_1_182' title='bbox 1014 3161 1250 3231; x_wconf 84' lang='lat' dir='ltr'><strong>controversiae</strong></span> <span class='ocrx_word' id='word_1_183' title='bbox 1284 3157 1411 3221; x_wconf 84' lang='lat' dir='ltr'><strong>arbiter</strong></span> 
     </span>
    </p>
   </div>
   <div class='ocr_carea' id='block_1_7' title="bbox 177 3328 393 3348">
    <p class='ocr_par' dir='ltr' id='par_1_8' title="bbox 177 3328 393 3348">
     <span class='ocr_line' id='line_1_25' title="bbox 177 3328 393 3348; baseline -0.005 -7"><span class='ocrx_word' id='word_1_184' title='bbox 177 3328 393 3348; x_wconf 48' lang='lat' dir='ltr'><strong>-u-u</strong></span> 
     </span>
    </p>
   </div>
   <div class='ocr_carea' id='block_1_8' title="bbox 142 3416 1411 4129">
    <p class='ocr_par' dir='ltr' id='par_1_9' title="bbox 142 3416 1411 4129">
     <span class='ocr_line' id='line_1_26' title="bbox 142 3416 1411 3514; baseline -0.017 -2"><span class='ocrx_word' id='word_1_185' title='bbox 142 3416 144 3421; x_wconf 23' lang='grc' dir='ltr'>Ι</span> <span class='ocrx_word' id='word_1_186' title='bbox 222 3429 257 3510; x_wconf 83' lang='lat'><strong>3)</strong></span> <span class='ocrx_word' id='word_1_187' title='bbox 288 3435 448 3514; x_wconf 73' lang='lat' dir='ltr'><strong>carpzovit</strong></span> <span class='ocrx_word' id='word_1_188' title='bbox 471 3438 652 3505; x_wconf 70' lang='lat' dir='ltr'><strong>introductio</strong></span> <span class='ocrx_word' id='word_1_189' title='bbox 682 3442 720 3501; x_wconf 86' lang='lat' dir='ltr'><strong>ad</strong></span> <span class='ocrx_word' id='word_1_190' title='bbox 742 3441 835 3502; x_wconf 84' lang='lat' dir='ltr'><strong>libros</strong></span> <span class='ocrx_word' id='word_1_191' title='bbox 863 3460 971 3501; x_wconf 86' lang='lat' dir='ltr'><strong>onnon.</strong></span> <span class='ocrx_word' id='word_1_192' title='bbox 1021 3439 1087 3496; x_wconf 87' lang='lat' dir='ltr'><strong>Vet.</strong></span> <span class='ocrx_word' id='word_1_193' title='bbox 1110 3437 1247 3495; x_wconf 79' lang='lat' dir='ltr'><strong>Tectam.</strong></span> <span class='ocrx_word' id='word_1_194' title='bbox 1270 3431 1342 3490; x_wconf 86' lang='lat' dir='ltr'><strong>edit.</strong></span> <span class='ocrx_word' id='word_1_195' title='bbox 1368 3434 1411 3506; x_wconf 91' lang='lat' dir='ltr'><strong>ll,</strong></span> 
     </span>
     <span class='ocr_line' id='line_1_27' title="bbox 261 3533 1411 3618; baseline -0.015 -7"><span class='ocrx_word' id='word_1_196' title='bbox 261 3534 297 3594; x_wconf 80' lang='grc' dir='ltr'><strong>Ρ·</strong></span> <span class='ocrx_word' id='word_1_197' title='bbox 316 3537 362 3609; x_wconf 75' lang='lat'><strong>¹¹2</strong></span> <span class='ocrx_word' id='word_1_198' title='bbox 386 3561 414 3618; x_wconf 75' lang='lat' dir='ltr'><strong>P·</strong></span> <span class='ocrx_word' id='word_1_199' title='bbox 432 3539 486 3601; x_wconf 77' lang='lat'><strong>45.</strong></span> <span class='ocrx_word' id='word_1_200' title='bbox 512 3542 645 3602; x_wconf 85' lang='lat' dir='ltr'><strong>Lowtbii</strong></span> <span class='ocrx_word' id='word_1_201' title='bbox 669 3546 706 3603; x_wconf 87' lang='lat' dir='ltr'><strong>do</strong></span> <span class='ocrx_word' id='word_1_202' title='bbox 728 3547 817 3604; x_wconf 66' lang='lat' dir='ltr'><strong>sacri</strong></span> <span class='ocrx_word' id='word_1_203' title='bbox 839 3542 1046 3604; x_wconf 74' lang='lat' dir='ltr'><strong>Hebraeorum</strong></span> <span class='ocrx_word' id='word_1_204' title='bbox 1070 3536 1153 3616; x_wconf 64' lang='lat' dir='ltr'><strong>poesi</strong></span> <span class='ocrx_word' id='word_1_205' title='bbox 1175 3533 1411 3612; x_wconf 84' lang='lat' dir='ltr'><strong>praelectiones,</strong></span> 
     </span>
     <span class='ocr_line' id='line_1_28' title="bbox 261 3635 1409 3724; baseline 0.001 -30"><span class='ocrx_word' id='word_1_206' title='bbox 261 3655 299 3694; x_wconf 85' lang='lat' dir='ltr'><strong>ex</strong></span> <span class='ocrx_word' id='word_1_207' title='bbox 322 3639 394 3699; x_wconf 87' lang='lat' dir='ltr'><strong>edit.</strong></span> <span class='ocrx_word' id='word_1_208' title='bbox 417 3642 446 3700; x_wconf 85' lang='lat' dir='ltr'><strong>J.</strong></span> <span class='ocrx_word' id='word_1_209' title='bbox 467 3643 504 3703; x_wconf 83' lang='lat' dir='ltr'><strong>ll.</strong></span> <span class='ocrx_word' id='word_1_210' title='bbox 522 3644 698 3718; x_wconf 86' lang='lat' dir='ltr'><strong>Michaelis,</strong></span> <span class='ocrx_word' id='word_1_211' title='bbox 720 3645 756 3706; x_wconf 89' lang='lat' dir='ltr'><strong>P.</strong></span> <span class='ocrx_word' id='word_1_212' title='bbox 776 3648 803 3704; x_wconf 92' lang='lat' dir='ltr'><strong>ll</strong></span> <span class='ocrx_word' id='word_1_213' title='bbox 811 3690 820 3718; x_wconf 94' lang='lat'><strong>,</strong></span> <span class='ocrx_word' id='word_1_214' title='bbox 843 3669 871 3724; x_wconf 89' lang='lat' dir='ltr'><strong>p.</strong></span> <span class='ocrx_word' id='word_1_215' title='bbox 889 3641 963 3702; x_wconf 81' lang='lat'><strong>650.</strong></span> <span class='ocrx_word' id='word_1_216' title='bbox 1001 3640 1095 3699; x_wconf 86' lang='lat' dir='ltr'><strong>Liber</strong></span> <span class='ocrx_word' id='word_1_217' title='bbox 1112 3637 1182 3696; x_wconf 85' lang='lat' dir='ltr'><strong>tobi</strong></span> <span class='ocrx_word' id='word_1_218' title='bbox 1204 3655 1242 3694; x_wconf 84' lang='lat' dir='ltr'><strong>ex</strong></span> <span class='ocrx_word' id='word_1_219' title='bbox 1263 3635 1409 3695; x_wconf 83' lang='lat' dir='ltr'><strong>versione</strong></span> 
     </span>
     <span class='ocr_line' id='line_1_29' title="bbox 264 3737 1410 3825; baseline -0.003 -25"><span class='ocrx_word' id='word_1_220' title='bbox 264 3738 301 3797; x_wconf 91' lang='grc' dir='ltr'><strong>Η.</strong></span> <span class='ocrx_word' id='word_1_221' title='bbox 325 3741 360 3800; x_wconf 82' lang='grc' dir='ltr'><strong>Α.</strong></span> <span class='ocrx_word' id='word_1_222' title='bbox 385 3744 584 3817; x_wconf 84' lang='lat' dir='ltr'><strong>Scbultenaii,</strong></span> <span class='ocrx_word' id='word_1_223' title='bbox 613 3749 685 3823; x_wconf 87' lang='lat' dir='ltr'><strong>edit.</strong></span> <span class='ocrx_word' id='word_1_224' title='bbox 709 3747 807 3808; x_wconf 84' lang='lat' dir='ltr'><strong>Germ.</strong></span> <span class='ocrx_word' id='word_1_225' title='bbox 832 3770 860 3825; x_wconf 91' lang='lat' dir='ltr'><strong>p.</strong></span> <span class='ocrx_word' id='word_1_226' title='bbox 879 3745 898 3803; x_wconf 84' lang='lat'><strong>3</strong></span> <span class='ocrx_word' id='word_1_227' title='bbox 918 3761 1002 3821; x_wconf 85' lang='lat' dir='ltr'><strong>sequ.</strong></span> <span class='ocrx_word' id='word_1_228' title='bbox 1045 3737 1216 3799; x_wconf 81' lang='lat' dir='ltr'><strong>Eicbhornii</strong></span> <span class='ocrx_word' id='word_1_229' title='bbox 1240 3738 1351 3797; x_wconf 88' lang='lat' dir='ltr'><strong>introd.</strong></span> <span class='ocrx_word' id='word_1_230' title='bbox 1377 3740 1410 3798; x_wconf 94' lang='lat' dir='ltr'><strong>in</strong></span> 
     </span>
     <span class='ocr_line' id='line_1_30' title="bbox 261 3834 1409 3926; baseline 0.001 -26"><span class='ocrx_word' id='word_1_231' title='bbox 261 3839 327 3901; x_wconf 80' lang='lat' dir='ltr'><strong>vet.</strong></span> <span class='ocrx_word' id='word_1_232' title='bbox 352 3843 488 3906; x_wconf 82' lang='lat' dir='ltr'><strong>Testem.</strong></span> <span class='ocrx_word' id='word_1_233' title='bbox 512 3847 584 3907; x_wconf 88' lang='lat' dir='ltr'><strong>edit.</strong></span> <span class='ocrx_word' id='word_1_234' title='bbox 608 3849 669 3920; x_wconf 91' lang='lat' dir='ltr'><strong>lll,</strong></span> <span class='ocrx_word' id='word_1_235' title='bbox 693 3857 715 3907; x_wconf 90' lang='lat' dir='ltr'><strong>t.</strong></span> <span class='ocrx_word' id='word_1_236' title='bbox 738 3850 798 3920; x_wconf 86' lang='grc' dir='ltr'>ΙΙΙ,</span> <span class='ocrx_word' id='word_1_237' title='bbox 824 3870 852 3926; x_wconf 89' lang='lat' dir='ltr'><strong>p.</strong></span> <span class='ocrx_word' id='word_1_238' title='bbox 872 3843 936 3904; x_wconf 76' lang='lat'><strong>570</strong></span> <span class='ocrx_word' id='word_1_239' title='bbox 954 3862 1039 3923; x_wconf 86' lang='lat' dir='ltr'><strong>aequ.</strong></span> <span class='ocrx_word' id='word_1_240' title='bbox 1078 3834 1266 3900; x_wconf 83' lang='lat' dir='ltr'><strong>Stnblrnenni</strong></span> <span class='ocrx_word' id='word_1_241' title='bbox 1289 3835 1409 3902; x_wconf 87' lang='lat' dir='ltr'><strong>introd.</strong></span> 
     </span>
     <span class='ocr_line' id='line_1_31' title="bbox 260 3935 1409 4028; baseline -0.006 -24"><span class='ocrx_word' id='word_1_242' title='bbox 260 3940 289 3998; x_wconf 76' lang='lat' dir='ltr'><strong>lu</strong></span> <span class='ocrx_word' id='word_1_243' title='bbox 313 3943 420 4005; x_wconf 92' lang='lat' dir='ltr'><strong>librum</strong></span> <span class='ocrx_word' id='word_1_244' title='bbox 440 3948 528 4020; x_wconf 85' lang='lat' dir='ltr'><strong>Jobi,</strong></span> <span class='ocrx_word' id='word_1_245' title='bbox 553 3951 718 4028; x_wconf 85' lang='lat' dir='ltr'><strong>praemissa</strong></span> <span class='ocrx_word' id='word_1_246' title='bbox 743 3948 874 4028; x_wconf 86' lang='lat' dir='ltr'><strong>ejusdem</strong></span> <span class='ocrx_word' id='word_1_247' title='bbox 898 3946 1031 4005; x_wconf 85' lang='lat' dir='ltr'><strong>auctoris</strong></span> <span class='ocrx_word' id='word_1_248' title='bbox 1053 3936 1181 4004; x_wconf 87' lang='lat' dir='ltr'><strong>versioni</strong></span> <span class='ocrx_word' id='word_1_249' title='bbox 1202 3935 1409 4002; x_wconf 80' lang='lat' dir='ltr'><strong>Germanicae</strong></span> 
     </span>
     <span class='ocr_line' id='line_1_32' title="bbox 257 4037 1407 4129; baseline -0.019 -11"><span class='ocrx_word' id='word_1_250' title='bbox 257 4043 345 4116; x_wconf 81' lang='lat' dir='ltr'><strong>dobi,</strong></span> <span class='ocrx_word' id='word_1_251' title='bbox 368 4070 396 4126; x_wconf 81' lang='lat' dir='ltr'><strong>p·</strong></span> <span class='ocrx_word' id='word_1_252' title='bbox 416 4047 459 4107; x_wconf 81' lang='grc'><strong>50</strong></span> <span class='ocrx_word' id='word_1_253' title='bbox 477 4069 562 4129; x_wconf 88' lang='lat' dir='ltr'><strong>sequ.</strong></span> <span class='ocrx_word' id='word_1_254' title='bbox 592 4048 760 4110; x_wconf 80' lang='lat' dir='ltr'><strong>llertlroldti</strong></span> <span class='ocrx_word' id='word_1_255' title='bbox 781 4048 892 4109; x_wconf 87' lang='lat' dir='ltr'><strong>introd.</strong></span> <span class='ocrx_word' id='word_1_256' title='bbox 912 4047 1064 4106; x_wconf 64' lang='lat' dir='ltr'><strong>bisc-crit.</strong></span> <span class='ocrx_word' id='word_1_257' title='bbox 1089 4041 1118 4100; x_wconf 91' lang='lat' dir='ltr'><strong>in</strong></span> <span class='ocrx_word' id='word_1_258' title='bbox 1141 4037 1232 4096; x_wconf 88' lang='lat' dir='ltr'><strong>libros</strong></span> <span class='ocrx_word' id='word_1_259' title='bbox 1246 4038 1325 4100; x_wconf 78' lang='lat' dir='ltr'><strong>Vct.</strong></span> <span class='ocrx_word' id='word_1_260' title='bbox 1339 4042 1407 4103; x_wconf 81' lang='lat' dir='ltr'><strong>No.</strong></span> 
     </span>
    </p>
   </div>
   <div class='ocr_carea' id='block_1_9' title="bbox 43 4144 868 4231">
    <p class='ocr_par' dir='ltr' id='par_1_10' title="bbox 43 4144 868 4231">
     <span class='ocr_line' id='line_1_33' title="bbox 43 4144 868 4231; baseline 0.006 -28"><span class='ocrx_word' id='word_1_261' title='bbox 43 4172 46 4183; x_wconf 91' lang='lat'>·</span> <span class='ocrx_word' id='word_1_262' title='bbox 252 4144 340 4226; x_wconf 86' lang='lat' dir='ltr'><strong>vique</strong></span> <span class='ocrx_word' id='word_1_263' title='bbox 363 4149 500 4212; x_wconf 78' lang='lat' dir='ltr'><strong>Testem.</strong></span> <span class='ocrx_word' id='word_1_264' title='bbox 522 4151 559 4212; x_wconf 88' lang='lat' dir='ltr'><strong>P.</strong></span> <span class='ocrx_word' id='word_1_265' title='bbox 575 4152 611 4226; x_wconf 84' lang='lat' dir='ltr'><strong>V,</strong></span> <span class='ocrx_word' id='word_1_266' title='bbox 634 4174 662 4231; x_wconf 90' lang='lat' dir='ltr'><strong>p.</strong></span> <span class='ocrx_word' id='word_1_267' title='bbox 679 4150 763 4209; x_wconf 77' lang='lat'>2132</span> <span class='ocrx_word' id='word_1_268' title='bbox 786 4170 868 4230; x_wconf 86' lang='lat' dir='ltr'><strong>sequ.</strong></span> 
     </span>
    </p>
   </div>
   <div class='ocr_carea' id='block_1_10' title="bbox 0 0 1456 4942">
    <p class='ocr_par' dir='ltr' id='par_1_11' title="bbox 0 0 1456 4942">
     <span class='ocr_line' id='line_1_34' title="bbox 0 0 1456 4942; baseline 0 7"><span class='ocrx_word' id='word_1_269' title='bbox 0 0 1456 4942; x_wconf 95' lang='lat' dir='ltr'><strong> </strong></span> 
     </span>
    </p>
   </div>
  </div>
 </body>
</html>
