2904 4942
80 294 134 372 ss
224 294 847 375 ιιιηιιοαριι

89 459 191 545 „Ego
213 471 481 542 certeuuuquaru
504 459 577 520 siue
598 454 924 550 muxirudsvoluptate
943 454 1216 534 Alsadamus,
1245 457 1319 520 tls-

88 582 301 656 auwus're'um,
323 574 388 638 Idu
410 573 539 638 Zeiduu
562 590 594 638 et
617 561 729 639 Biduo
751 569 913 638 ΑΙαΙόαόι·
931 573 1064 653 evolvo,
1089 575 1123 637 id
1144 587 1197 637 est
1217 573 1318 636 farra-

87 696 180 797 giues
199 696 341 796 integras
364 688 476 755 talium
499 691 820 778 apophthegmatum,
843 694 1039 769 orationum,
1061 688 1318 793 historiolarnm,

89 792 108 873 b
131 810 250 898 quibus
272 792 398 873 nubiles
420 807 623 874 orientalium
643 831 767 889 mures,
798 808 989 895 ciuilemque
1018 823 1050 874 et
1069 785 1225 898 bellicam
1248 829 1320 893 pru·

88 921 248 1005 dentiam,
285 941 318 990 et
340 930 506 1013 ingenium
525 948 599 991 rere
622 924 901 1014 philosophicum,
937 942 1086 1033 tanquam
1111 928 1146 991 iu
1174 925 1318 1011 speculo,
1364 926 1366 953 ³

88 1046 200 1122 videas
223 1058 255 1107 et
276 1066 471 1129 cognoscas,
495 1057 529 1108 at
550 1048 583 1109 in
606 1043 755 1129 speculo,
780 1049 809 1110 si
826 1048 936 1131 magni
961 1028 1151 1110 cornuum·
1169 1043 1320 1111 similitu·

89 1164 235 1227 dineuti
258 1160 370 1242 liceat,
407 1164 558 1243 ardente,
594 1165 696 1248 quod,
733 1184 813 1248 quus
834 1165 929 1248 iuese
951 1162 1116 1254 collegit,
1135 1164 1271 1228 virtutis
1292 1176 1320 1227 ct

90 1299 186 1343 verae
215 1278 340 1364 gloriae
370 1282 464 1368 igues
494 1283 528 1345 in
558 1284 700 1346 animum
730 1294 838 1363 tuum,
876 1302 933 1346 eeu
956 1282 1136 1366 oppositum
1162 1282 1320 1366 fomitem,

92 1397 326 1464 crassescunt

627 1545 673 1690 t·
706 1585 745 1652 ι.

160 1718 205 1800 'A
221 1757 345 1827 morum
363 1742 543 1826 praeceptis
558 1740 598 1803 ad
617 1739 761 1804 carmina
780 1744 945 1804 amatoria
967 1726 1215 1807 transeundum.
1236 1734 1244 1748 ’“
1258 1744 1324 1807 Etsi

92 1853 236 1921 Arabum
265 1859 413 1940 gravitati
443 1857 534 1922 lusus
556 1859 703 1931 amatorii
725 1859 781 1921 vix
804 1858 975 1920 convenire
996 1859 1185 1941 videantur,
1204 1854 1323 1927 'nmen

92 1973 235 2061 ethojus
253 1978 382 2059 generis
398 1974 638 2061 elegantissima
662 1988 694 2037 et
712 1975 971 2073 frequentissima
985 1975 1146 2042 habentur
1164 1989 1325 2064 poemata.

92 2088 179 2167 Quin
202 2095 269 2154 imo
292 2107 418 2176 praeter
439 2092 637 2156 fortitudinis
660 2089 815 2169 bellicae,
845 2090 1065 2173 liberalitatis,
1093 2099 1170 2183 equi
1193 2097 1327 2162 cameli-

91 2202 154 2293 que
169 2207 308 2286 laudes,
334 2208 453 2274 nullius
476 2212 524 2272 rei
546 2212 579 2272 in
603 2209 800 2274 carminibus
821 2207 970 2274 Arabicis
993 2211 1144 2298 frequens
1168 2217 1257 2279 adeo
1281 2218 1328 2279 iu·

87 2326 202 2411 jicitur
216 2327 358 2405 mentio,
378 2349 470 2413 quam
493 2325 672 2410 puellarum
695 2327 928 2401 formosarum,
942 2307 1209 2416 'gaudiorumque'
1232 2349 1327 2418 atque

90 2426 259 2521 dolorum,
286 2446 340 2528 qui
355 2465 396 2509 ex
411 2447 642 2510 cousuetudine
663 2466 734 2509 oum
753 2442 818 2507 illis
842 2444 1053 2512 oriri-solent.
1098 2446 1215 2530 Adde,
1234 2452 1327 2537 ¹quo'tl

91 2553 167 2626 iude
196 2561 237 2626 ab
260 2546 492 2647 antiquissimis
522 2563 720 2647 temporibus
743 2560 886 2625 Arabum
918 2567 1019 2646 potitis
1047 2564 1185 2643 solenne
1215 2570 1329 2648 luerit,

34 2720 37 2725 -
91 2682 235 2745 cumina
255 2677 334 2758 illa,
370 2702 451 2765 qnae
474 2681 679 2746 Kusidurum
703 2683 832 2743 nomine
856 2681 1091 2764 insigniuntur,
1126 2691 1278 2752 maxime
1301 2690 1328 2752 si

89 2798 124 2861 iu
162 2798 304 2862 virorum
324 2795 514 2863 'illustrium
551 2797 701 2863 laudibus
736 2797 958 2882 praedicandis
996 2816 1235 2881 versarentur,
1287 2805 1330 2870 ab

24 2888 28 2894 .
93 2916 269 2980 amicarum
300 2920 483 3004 amorisque
513 2919 564 2981 sui
595 2917 807 2999 descriptione
837 2915 945 2978 ordiri.
1012 2915 1106 2992 Quod
1143 2925 1331 2988 carminum

90 3051 284 3128 exordium,
326 3049 504 3135 puellarum
535 3049 648 3114 laudes
680 3047 873 3128 celebrans,
911 3066 1015 3105 „am
1049 3051 1256 3137 appellatur,
1296 3070 1332 3120 ut

91 3167 199 3232 videre
221 3180 271 3231 est
291 3169 324 3230 iu
347 3165 446 3229 hocce
468 3165 670 3230 Metanabbii
693 3165 913 3254 versiculoz„

174 3599 546 3690 Quando-panegyricus
574 3606 743 3690 pangitur,
780 3599 883 3666 Nasib
913 3602 1126 3684 (feminarum
1156 3574 1329 3696 laudatio)

781 3718 1011 3805 praemittitur3

97 3821 99 3825 ¹
174 3831 260 3899 Num
284 3839 388 3901 omnis
411 3838 548 3903 disertus
571 3842 713 3904 carmina
733 3838 855 3916 fundit,
882 3858 990 3900 amore
1014 3838 1143 3923 captusi

88 3967 192 4046 Quem
216 3971 250 4033 iu
272 3969 378 4036 locum
394 3966 589 4040 Adollasun
612 3975 676 4039 Ala·
696 3974 758 4039 den
780 3971 988 4039 Modammcd
1005 3972 1202 4056 Alwadeds’,
1218 3977 1330 4055 lucu-

89 4104 286 4171 lentissimus
309 4106 524 4176 Metanastai
543 4113 717 4196 interpres,
749 4121 855 4173 notat:
886 4093 1001 4205 cipali
1026 4109 1096 4174 ιιι»
1111 4141 1162 4211 Oa
1187 4095 1333 4210 &gilas

537 4370 551 4379 .,
584 4352 615 4377 Η

574 4358 626 4441 age

559 4434 562 4441 '
646 4434 671 4465 ..ἶ

626 4478 644 4501 ΙΙ

618 4510 630 4523 ⁸¹
