2904 4942
147 306 210 371 238
450 346 455 357 .
559 304 746 367 renati.
775 265 861 382 ¹Cup.
882 306 906 363 1.
991 278 994 283 ¹

650 473 680 549 ς.
717 466 864 536 CXXX.

233 586 363 652 Praeter
395 582 610 658 membrorum
645 589 715 651 rive
747 587 1021 656 hemistichiorum
1051 585 1304 673 parallelismuru
1340 604 1370 653 et

149 726 296 773 uersuum
325 703 440 789 aliquis
467 703 709 786 paralleh‘cmuc
738 707 772 769 in
802 704 1029 770 Hebraeorum
1058 706 1255 781 carminibus
1278 709 1370 771 statui

150 838 264 913 potest.
310 822 402 886 Sicut
428 824 514 885 enim
542 818 690 904 singulae
711 821 822 897 vereris
846 836 972 907 partes,
999 825 1069 887 sive
1091 823 1253 902 membra,
1287 826 1370 888 certi

152 944 288 1030 qnidam
312 940 517 1025 proportione
539 938 579 1000 od
603 959 638 1001 se
660 941 798 1003 invicem
821 940 1023 1020 referuntnrj
1038 943 1089 1029 ‘ita
1111 956 1144 1007 et
1160 944 1282 1027 integri
1302 963 1371 1006 ver·

108 1101 113 1128 ι
149 1086 204 1128 sus
227 1057 453 1135 non'temere,
481 1057 539 1121 sed
569 1055 608 1118 ad
630 1056 950 1144 symmetriaeleges,
973 1061 1063 1133 iuter¹
1079 1081 1114 1123 se
1137 1061 1302 1141 conjuncti
1327 1061 1371 1124 vi-

150 1185 281 1252 dentur;
304 1198 397 1263 quem
420 1195 567 1239 versuum
586 1174 851 1256 ad‘symmetriae
865 1173 952 1260 leges
972 1178 1232 1258 conjunctionem
1249 1177 1371 1242 Graeco

151 1294 307 1363 vocabulo
330 1291 494 1376 stropham
525 1291 646 1356 dicunt.
699 1290 812 1376 Neque
843 1309 947 1356 tannen
971 1292 1195 1375 Hebraeorum
1224 1295 1393 1378 strophae

151 1417 191 1483 ad
216 1433 360 1478 normam
384 1408 608 1494 stropharum,
640 1407 750 1494 quales
773 1408 988 1488 Graecorum,
1018 1409 1233 1477 &manorum
1262 1434 1372 1478 recen·

117 1596 120 1601 .
152 1537 329 1616 tiorumque
361 1536 526 1612 poetarum
557 1526 1039 1613 carminibus.conspiciuntur,
1067 1528 1256 1593 referendae
1289 1544 1371 1599 sunt.

151 1653 256 1717 Sicuti
290 1651 322 1711 in
361 1644 507 1708 versibus
542 1647 772 1728 componendis
810 1644 946 1710 liberius
979 1647 1124 1710 feruntur
1152 1620 1373 1715 Hebraeorum

152 1777 282 1853 pce'tae,
307 1777 338 1826 et
362 1764 456 1826 modo
474 1761 617 1839 duobus,
641 1763 736 1855 modo
759 1761 877 1843 tribus,
900 1779 1033 1851 quatuor
1052 1762 1260 1849 pluribusque
1280 1754 1374 1830 rnam-

58 1860 69 1910 ἵ·
150 1885 218 1953 bris
248 1879 395 1967 singulos
427 1901 538 1944 versus
561 1878 754 1960 absolvunt,
784 1884 829 1944 ita
857 1895 890 1944 et
918 1884 952 1945 in
983 1881 1124 1966 strophis
1155 1885 1374 1946 construendis

17 2072 21 2079 ,
152 2002 269 2086 magni
292 2012 422 2063 utuntur
444 1997 611 2076 libertate,
643 2020 745 2084 neque
767 2013 853 2063 certo
875 1997 971 2063 alicui
1002 2021 1150 2063 versuum
1173 2021 1309 2064 numero
1332 2003 1375 2063 in·

152 2117 297 2182 haerent.
341 2113 376 2177 ln
400 2112 607 2198 stropharum
637 2115 796 2179 structuris
826 2137 896 2178 earn
921 2118 955 2180 in
984 2120 1168 2180 universnm
1190 2116 1296 2203 legem
1323 2119 1375 2182 ob·

153 2249 311 2300 servatam
334 2234 499 2308 invenies,
532 2253 612 2316 quae
640 2235 673 2295 in
706 2222 1115 2317 uersuumcompositione
1139 2231 1245 2298 locum
1269 2234 1373 2300 habet.

155 2351 191 2415 ln
224 2350 275 2413 his
302 2348 428 2434 singula
459 2324 621 2427 membra,
658 2352 726 2413 sive
758 2348 824 2415 sint
852 2373 1047 2436 synonyma,
1081 2354 1160 2440 sire⁴
1180 2350 1375 2432 antithetica‚

154 2473 223 2535 sive
242 2467 432 2552 synthetica,
456 2469 488 2530 in
504 2465 612 2530 orbern
636 2469 792 2551 quendam
809 2482 995 2543 recurrunt;
1018 2468 1102 2532 hand
1119 2465 1211 2532 aliter
1227 2469 1376 2554 strophae

157 2584 305 2652 versibus
328 2581 379 2647 vei
400 2586 604 2667 synonymis,
626 2583 678 2647 vei
694 2585 913 2662 antitheticis,
940 2583 991 2649 vei
1005 2575 1193 2670 syntheticis
1216 2588 1249 2649 in
1267 2587 1375 2651 orbem

154 2701 393 2771 recurrentibus
417 2691 658 2766 constituuntur.
698 2702 762 2766 Sed
783 2700 933 2787 exemplo
955 2703 1118 2786 proposito
1142 2701 1261 2767 clarior
1284 2725 1375 2788 quarn

28 2888 34 2903 ,
155 2824 369 2907 descriptione
385 2838 436 2882 rer
453 2820 579 2883 evadet.
620 2819 798 2883 Videamus
815 2820 924 2906 igitur,
948 2819 1011 2903 qni
1027 2819 1150 2881 ratione
1168 2820 1233 2883 dno
1256 2823 1377 2904 priores

156 2940 270 3027 psalmi
292 2941 325 3000 in
348 2935 499 3022 strophas
522 2940 646 3020 possint
667 2937 827 3002 distribui.
870 2933 1017 2999 Psaimue
1044 2928 1164 3019 primns
1186 2958 1246 3002 sex
1269 2938 1377 3004 absol-

155 3061 241 3121 vitur
269 3053 434 3133 versibus,
470 3075 604 3140 quorum
634 3067 702 3145 tres
727 3056 851 3140 priores
880 3052 1007 3118 felicem
1037 3028 1099 3117 ¹viri
1127 3054 1219 3139 probi
1248 3071 1376 3135 sortem,

155 3172 357 3261 posteriores
383 3192 460 3236 vero
496 3184 561 3235 tres
597 3172 735 3257 improbi
758 3175 915 3237 'miserans
945 3172 1160 3236 conditionem
1190 3176 1376 3262 depingunt.

156 3289 267 3367 Quare
290 3291 404 3352 merito
426 3290 459 3352 in
489 3292 568 3355 duas
589 3289 758 3374 strophas,
787 3303 896 3353 ternos
924 3306 1037 3352 versus
1059 3289 1377 3377 comprehendentes,

151 3408 298 3496 psalmus
320 3408 483 3472 dividitur.
527 3407 674 3472 Psalmue
695 3409 855 3473 secundus
881 3408 1048 3472 duodecim
1070 3407 1217 3472 veriibus
1241 3409 1378 3474 ebsoiri·

156 3540 226 3592 tur:
255 3528 289 3588 in
306 3524 475 3609 prioribus
497 3525 600 3589 trihus
623 3524 732 3610 populi
760 3547 916 3611 regesque
945 3526 1048 3589 exteri
1075 3540 1190 3590 contra
1217 3525 1378 3592 israelita·

157 3668 228 3711 rum
251 3665 359 3730 regem
383 3646 585 3728 insurgentes
608 3645 818 3717 inducuntnr;
840 3643 1105 3727 insequentibus
1124 3638 1212 3723 Μ,
1234 3650 1268 3723 6,
1293 3667 1378 3710 rnon-

158 3778 293 3840 stratur,
314 3763 405 3826 irrite
427 3761 683 3825 adversariorum
706 3759 834 3824 iliorum
856 3763 1026 3825 conanime
1048 3783 1138 3840 esse,
1161 3761 1377 3827 Israelitarnrn

160 3885 245 3945 enim
268 3901 376 3964 regern
399 3901 418 3942 a
442 3877 514 3943 Deo
537 3882 610 3963 ipso
631 3898 704 3941 esse
727 3880 951 3952 constitntnm3
973 3900 1068 3963 porro
1091 3878 1237 3944 versibus
1253 3885 1286 3962 7,
1303 3888 1336 3963 8,
1350 3887 1378 3960 9,

160 4000 260 4064 vaae
289 3998 451 4062 decretum
484 3995 661 4081 profertur,
700 4017 763 4081 quo
783 3993 1012 4083 israelitarum
1041 3999 1116 4082 regi·
1145 3999 1315 4080 imperinm
1348 4002 1378 4063 in

162 4137 273 4181 ornnes
294 4111 432 4200 popnios
456 4112 996 4197 promittitur;,daniqua'uersihus
1020 4117 1145 4192 tmtt,
1168 4119 1219 4194 12,
1243 4115 1378 4180 rebelles
