2904 4942
108 298 173 357 ΙΙΙ)
569 294 641 350 Pars
662 294 678 349 Ι
684 294 713 352 l'.
757 294 826 367 Gap.
848 293 873 348 Ι.

111 481 169 526 nes
190 458 346 540 scribunt)
380 459 462 541 apud
491 457 762 543 suospcomposita
789 458 992 517 occurruat“
1012 498 1016 511 .
1034 451 1162 517 Similia
1193 456 1281 518 idem
1302 459 1342 521 ia.

114 579 310 664 praefatione
333 576 365 637 in
381 573 496 638 ladam
513 573 627 637 tradit:
649 594 690 648 „a
706 575 861 657 principio
876 568 1049 634 voluminis
1064 592 1164 655 usque
1181 575 1223 636 ad
1237 573 1335 639 verba

112 693 195 771 ch,
223 693 304 777 apud
328 690 497 756 Hebraeos
525 711 622 774 prora
650 693 753 752 oratio
785 703 852 762 est;
884 708 979 772 porro
1008 708 1030 748 a
1050 688 1159 752 verbis
1188 688 1276 768 iot,
1304 695 1335 755 ia

113 811 228 896 quibus
249 814 310 872 ait:
334 820 443 894 pereat
463 807 553 883 dier,
574 809 607 868 in
625 802 687 891 qia
711 822 803 871 natus
824 827 912 883 suta,
934 819 966 867 et
983 826 1067 883 nox,
1089 807 1125 868 io
1139 808 1204 890 quit
1217 809 1336 872 dicia·

113 941 179 1003 est,
208 942 380 1015 conceptus
403 940 451 986 est
473 924 587 1002 bomo,
616 948 715 1010 usque
739 926 779 988 ad
805 946 876 986 eum
908 920 1032 997 locum,
1060 923 1115 986 ubi
1137 940 1215 986 ante
1237 924 1335 990 line·

114 1041 287 1105 voluminis
304 1046 455 1123 scriptum
478 1056 542 1104 est:
565 1041 685 1121 idcirco
699 1045 767 1124 ipse
789 1060 840 1101 mc
862 1037 1079 1123 reprehendo,
1100 1054 1132 1103 et
1147 1063 1213 1126 ago
1227 1047 1336 1126 poeni·
1377 1016 1382 1024 ¹

114 1163 245 1222 tentiam
269 1163 301 1221 iu
319 1157 429 1220 lavillti
444 1172 476 1219 et
497 1162 625 1235 cinere,
648 1158 829 1221 hexametri
853 1178 964 1220 versas
986 1173 1077 1239 sant,
1099 1159 1229 1242 dactylo
1244 1183 1336 1245 spou-

114 1279 238 1362 deoqne
259 1292 444 1356 currentes,
466 1290 498 1339 et
523 1291 649 1360 propter
670 1275 800 1359 linguae
822 1277 938 1338 idioma
956 1275 1069 1338 crebro
1091 1279 1290 1362 accipientes
1308 1293 1337 1343 et

115 1392 196 1456 alios
214 1395 327 1477 pedes,
350 1415 414 1457 uon
438 1395 609 1455 earundem
632 1390 846 1475 syllabarum,
876 1392 932 1455 sed
953 1395 1128 1459 eorundem
1149 1409 1337 1478 temporum.

113 1508 277 1574 interdum
302 1532 426 1596 quoque
445 1510 611 1597 rhythmus
629 1513 699 1595 ipsa
714 1508 817 1572 dulcis
835 1522 868 1571 et
890 1509 1033 1575 tinnulus
1055 1513 1172 1591 lertur,
1196 1520 1337 1581 numeris

61 1697 80 1715 1,
115 1630 229 1712 pedum
256 1626 387 1702 solutis3
418 1627 501 1711 quod
525 1629 649 1690 metrici
666 1629 796 1710 magis,
818 1648 912 1712 quam
935 1627 1073 1711 simplex
1096 1629 1219 1709 lector,
1243 1631 1336 1696 iutel-

113 1724 226 1829 ligunt.
243 1784 281 1794 -
300 1782 334 1792 -
353 1781 395 1792 -
418 1744 542 1820 Quodsi
558 1747 608 1807 cui
626 1745 751 1807 videtur
767 1744 985 1822 incredulum,
1009 1760 1110 1808 metra
1127 1746 1255 1813 scilicet
1269 1771 1337 1814 esse

76 1842 81 1851 ’
113 1863 198 1944 apud
214 1862 403 1942 Hebraeos,
425 1875 458 1925 et
479 1865 510 1924 iu
538 1883 658 1925 moram
683 1863 783 1922 nostri
804 1858 924 1924 Flacci
942 1859 1119 1946 Graecique
1140 1867 1293 1932 Pindari
1307 1883 1336 1931 et

115 1978 238 2042 Alcaei
258 1994 290 2043 et
313 1978 466 2063 Sapphus
488 1978 538 2042 vel
560 1976 763 2063 psalterium,
795 1975 844 2039 vel
865 1976 1110 2043 lamentationes
1130 1981 1335 2061 Hieremiae,

116 2092 165 2179 rel
189 2097 295 2157 omnia
316 2097 416 2158 ferme
440 2097 672 2179 Scripturaram
697 2096 821 2155 cantica
840 2092 1082 2176 comprehendi,
1111 2094 1200 2183 legat
1221 2102 1338 2165 Phile-

115 2184 204 2288 nens,
229 2210 421 2295 Josepian,
454 2214 645 2294 origenem,
679 2211 923 2273 Caesariensem
943 2211 1139 2293 Eusebium,
1170 2231 1336 2281 eteorum

116 2331 328 2406 testimoniis,
352 2351 402 2391 tue
424 2349 533 2391 verunt
558 2332 681 2404 dicere,
706 2327 965 2412 comprobabit.“
1009 2330 1153 2396 Eusebia
1169 2347 1202 2396 et
1217 2335 1338 2399 Hiero·

115 2466 208 2528 nyma
224 2448 377 2527 accedunt
393 2446 619 2531 Augustinus,
642 2445 793 2509 Isidorus
814 2445 1023 2528 Hispalensis
1042 2449 1179 2535 aliique,
1203 2474 1337 2537 qnorum

115 2560 246 2648 longum
264 2577 349 2626 esset
365 2565 403 2626 ad
421 2564 553 2627 verbum
571 2584 758 2626 enumerare
780 2566 955 2628 sententias
973 2566 1035 2645 ⁹⁹).
1059 2624 1063 2629 .

626 2735 655 2810 ι.
686 2730 825 2795 cxvu.
889 2794 892 2803 s

180 2866 357 2930 Tantorum
373 2869 511 2928 virorum
528 2867 554 2926 si
572 2867 642 2951 quis
658 2869 806 2950 inspiciat
821 2868 1015 2942 testimonia,
1032 2864 1124 2928 facile
1140 2871 1251 2932 iudaei
1266 2893 1339 2955 pos-

83 2956 94 2971 !
115 2987 169 3061 sit,
180 2999 215 3047 ut
226 2983 446 3047 Hebraeorum
461 2983 603 3042 carmina
617 2983 729 3044 iisdem
744 2982 870 3067 legibus
887 2983 1025 3044 metricis
1036 2997 1129 3067 atque
1140 2983 1339 3051 Graecorum

116 3115 209 3186 atque
223 3101 437 3164 Romanorum
453 3106 601 3181 poemata
616 3100 767 3162 adstricta
783 3102 960 3172 existimem
976 3120 1093 3162 -vertrm
1107 3102 1136 3163 si
1151 3123 1219 3165 rem
1238 3107 1337 3188 ipsam

117 3217 302 3300 diligentius
319 3218 561 3290 examinaverit,
578 3214 648 3277 fieri
666 3214 749 3277 ltaud
765 3218 973 3302 poterit3quin
987 3215 1079 3279 aliter
1096 3221 1228 3296 sentiat,
1245 3242 1338 3305 quam

117 3350 263 3396 auctores
281 3330 326 3394 illi
343 3334 492 3393 statuisse
514 3313 672 3394 videbtur.
718 3330 882 3416 Namque,
903 3334 986 3414 qrrod
1008 3337 1108 3416 primo
1131 3314 1337 3415 monendum,

116 3470 197 3535 quae
225 3450 264 3510 de
294 3451 427 3511 metrica
455 3452 632 3512 carminum
660 3449 894 3512 Hebraicorum
923 3449 1027 3512 torma
1058 3448 1181 3516 laudati
1210 3456 1339 3518 tradunt

117 3580 283 3645 auctores,
307 3563 404 3629 nullis
426 3563 585 3629 illustrant
607 3564 780 3648 exemplis,
814 3567 897 3628 unde
918 3569 1098 3649 perspicere
1120 3573 1246 3651 possis,
1279 3573 1339 3658 qui

159 3784 215 3867 99)
240 3787 313 3844 l'idc
330 3787 437 3845 Fraus.
455 3785 576 3845 Gomari
593 3785 785 3864 opusculum,
810 3786 889 3864 quod
906 3785 1095 3845 inscribitur:
1119 3787 1248 3848 Doridis
1265 3791 1339 3867 lyra,

203 3905 229 3944 s.
246 3906 323 3946 nova
339 3887 477 3946 Hebraea
493 3887 524 3945 S.
542 3886 717 3964 Scripturas
735 3894 784 3951 ars
802 3887 938 3965 poitica3
960 3887 989 3945 in
1006 3887 1096 3945 tertii
1116 3895 1203 3966 parte
1218 3910 1339 3969 operam

202 3986 401 4067 theologicor.
418 4009 447 4066 p.
463 3983 536 4058 388,
554 3983 627 4046 889.
650 3988 698 4046 Jo.
714 3986 806 4046 Gottl.
826 3985 986 4066 Carpcovii
999 3989 1163 4049 introduct.
1185 3990 1226 4049 ad
1245 3991 1352 4051 libros-

203 4088 365 4147 canonicos
381 4087 538 4148 bibliorum
556 4088 621 4147 Vct.
637 4088 774 4148 Tectam.
791 4087 862 4147 edit.
878 4089 916 4159 ΙΙ,
936 4089 971 4148 P.
986 4090 1022 4160 ll,
1040 4109 1068 4168 p.
1084 4088 1223 4151 ta-tt.
