2904 4942
96 258 162 366 ⁴84
287 260 292 270 ⁸
584 302 656 361 rar,
676 302 719 360 rr.
764 300 835 388 cap.
856 299 897 360 ιι.
1096 366 1102 377 ,

113 468 264 534 virtutum
288 465 470 552 exemplar,
498 465 664 548 orunisque
685 462 900 530 excellentiae
920 464 1012 551 quari
1031 461 1100 539 sol;
1127 461 1247 548 reliqui
1269 485 1352 548 pros

9 589 12 592 ’
111 587 227 673 phetae
249 581 380 663 stellae,
416 603 497 668 qnae
520 583 651 646 nonnisi
672 581 760 647 illius
785 581 893 647 lumen
916 580 1101 649 hominibus
1125 579 1163 645 in
1187 584 1342 667 ignoran-

114 708 178 771 tiae
196 702 337 791 tenebris
355 697 557 764 versantibus
575 703 722 791 reddunt.
765 700 931 786 Fatigetur
953 720 1045 764 mens
1067 698 1208 763 humana
1223 721 1342 785 cognu-

113 824 240 889 soendis
269 823 341 904 ejus
370 815 560 893 virtutibus,
592 837 729 901 namque
759 819 936 883 immensae
962 832 1053 892 sunt3
1089 820 1274 902 quicunque
1293 815 1341 882 illi

113 942 305 1015 inhaerent,
335 937 411 999 fune
432 935 535 1018 rumpi
558 937 667 999 nescio
689 948 848 999 tenentur.
892 935 996 1000 Sicuti
1018 935 1070 1000 leo
1093 957 1246 1018 scymnus
1268 956 1342 999 auos

115 1063 149 1125 in
179 1055 313 1122 saltibus
345 1060 488 1130 tutator,
524 1054 569 1115 ita
597 1052 806 1117 Mohommed
838 1051 1018 1137 religione,
1055 1074 1149 1138 quara
1186 1054 1341 1130 condidit,

114 1189 289 1243 sectatores
311 1192 388 1235 suos
411 1183 497 1234 tutos
519 1167 689 1256 salvosque
711 1170 825 1235 reddit.
878 1169 969 1235 Nulli
991 1173 1106 1236 odores
1127 1169 1215 1234 illius
1238 1183 1342 1234 terrae

113 1292 250 1358 halitum
273 1300 430 1372 aequant,
470 1310 550 1373 quae
573 1288 675 1351 divini
697 1286 795 1374 legati
818 1311 892 1355 ussa
915 1291 1069 1373 recepit,
1089 1285 1192 1362 beati,
1225 1286 1343 1372 quibua

114 1410 248 1493 contigit
278 1405 411 1469 halitum
441 1404 530 1468 illum
557 1403 706 1483 haurire,
746 1421 927 1492 terramque
958 1404 1047 1471 illam
1082 1403 1280 1470 deosculari.
1304 1442 1340 1457 ·-

114 1525 182 1592 Ubi
210 1525 385 1610 principum
409 1523 605 1608 heroomque
627 1521 739 1588 laudes
768 1525 999 1610 praedicandae
1021 1535 1115 1602 sunt,
1153 1525 1342 1609 praeprimis

95 1641 291 1708 liberalitas
316 1660 426 1704 eorum
451 1653 482 1702 et
502 1640 654 1706 fortitudo
678 1640 793 1706 bellica
814 1639 1027 1705 celebrantur.
1078 1638 1129 1703 De
1152 1642 1342 1706 fortitudine

114 1759 233 1827 bellica
259 1761 328 1842 jam
355 1762 501 1843 superius
530 1774 635 1824 actum
662 1761 742 1835 fuit3
758 1778 761 1785 ’
779 1761 862 1846 quod
891 1759 932 1822 ad
959 1755 1186 1823 liberalitatem
1218 1761 1344 1837 attinet,

23 1950 29 1957 ,
116 1902 154 1943 ea
187 1875 295 1941 multis
324 1878 429 1940 modis
450 1893 683 1962 >exaggeratum
741 1877 804 1942 Vir
833 1876 980 1954 liberalis
1013 1890 1063 1941 est
1095 1879 1199 1957 instar
1236 1876 1341 1954 nubit,

116 1997 370 2081 copiosissimam
415 1992 554 2078 pluviam
610 1995 794 2060 sitientibus
828 1998 927 2080 ⁴agris
974 1995 1165 2082 largientis3
1211 1993 1343 2080 frigoris

116 2129 258 2199 tempore
287 2110 365 2175 solis
396 2132 484 2175 more
511 2109 651 2176 oalorem
681 2112 805 2192 tundit,
844 2128 875 2177 et
903 2115 1035 2178 ardente
1065 2110 1158 2178 Sirio
1194 2111 1342 2181 umbram

117 2248 211 2319 atque
233 2231 509 2314 refrigerationem
533 2243 682 2313 praestat.
725 2231 938 2296 Lautissimas
958 2235 1040 2295 inter
1056 2250 1133 2316 opes
1146 2233 1248 2294 macie
1267 2251 1344 2293 con-

115 2349 241 2425 ficitur3
273 2367 411 2430 namque
432 2348 482 2410 sui
504 2349 841 2426 immemor,.amioos
863 2349 1068 2435 hospitesque
1098 2347 1268 2412 beneficiis
1292 2363 1345 2411 ou·

116 2466 230 2533 molat.
282 2463 428 2541 Quodsi
450 2465 502 2529 die
524 2467 768 2531 resurreccionis
791 2467 909 2531 donum
938 2468 979 2532 ab
1009 2489 1049 2531 eo
1076 2481 1221 2551 peteres,
1256 2462 1345 2527 haud

117 2598 258 2650 cessaret
278 2581 390 2666 largiri
406 2581 462 2644 tihi
479 2581 519 2646 ah
538 2587 678 2649 aeternis
698 2583 763 2649 illis
778 2584 906 2670 opibus,
928 2607 1007 2672 quas
1022 2585 1150 2669 jejunio
1174 2579 1344 2667 precihus·

15 2743 18 2747 -
96 2721 179 2799 ¹que
201 2701 345 2767 durante
358 2698 424 2764 vitei
445 2701 507 2764 sihi
529 2717 777 2788 comparaverat.

619 2908 646 2985 s.
677 2902 834 2970 xnvrrr.
954 2987 956 2992 ,
1082 2948 1085 2953 .

204 3053 356 3118 Carmina
384 3056 619 3120 :encomiastioa
653 3060 818 3141 excipiunt
846 3057 1030 3136 fnrrebrr’o',
1072 3057 1141 3119 sive
1175 3055 1344 3138 elegiaco,

96 3154 250 3255 ¹quorum
273 3169 359 3235 baud
384 3194 503 3258 pauca,
533 3193 632 3258 eaque
657 3173 896 3258 elegantissima
917 3172 1042 3238 Arabes
1063 3171 1194 3235 habent.
1246 3170 1344 3236 Cele-

116 3286 249 3352 brantur
278 3289 310 3350 in
341 3291 382 3352 iis
408 3287 483 3352 illae
511 3292 651 3354 maxime
675 3292 898 3356 defuncturum
924 3294 1075 3368 virtutes,
1116 3313 1193 3375 quas
1215 3289 1344 3356 Arabes

117 3425 194 3489 prae
225 3408 340 3470 ceteris
368 3410 566 3491 suspiciunt,
608 3406 784 3474 liberalitas
819 3433 935 3496 nempe
970 3425 1002 3472 et
1029 3409 1183 3473 fortitudo
1216 3407 1343 3478 bellica.

107 3520 234 3604 ,Erepto
256 3521 319 3585 sibi
342 3547 398 3608 per
419 3542 553 3589 rrrortem
577 3529 698 3607 amico,
742 3530 883 3614 queritur
912 3535 1022 3611 poeta,
1060 3547 1132 3590 sese
1160 3525 1343 3599 desolatum

98 3626 225 3725 'illique
246 3641 384 3707 similem
406 3665 496 3722 esse,
529 3648 601 3725 cui,
641 3647 837 3710 irruentibus
860 3644 1026 3722 hostibus,
1061 3643 1187 3729 gladius
1211 3660 1342 3730 ereptus

114 3761 168 3822 sit.
218 3759 375 3838 Miratur,
411 3763 473 3845 quai
497 3765 621 3824 ratione
649 3764 769 3848 exiguo
799 3761 921 3827 tumulo
946 3778 1032 3826 tanta
1054 3763 1196 3826 defuncti
1219 3761 1342 3828 libera-

112 3871 187 3939 litas
210 3878 305 3941 condi
326 3865 483 3962 potnerit,
515 3893 663 3964 quantam
687 3881 743 3942 vix
766 3893 852 3942 terra
873 3895 906 3944 et
926 3883 1029 3946 maria
1051 3883 1220 3964 cepissent.
1273 3881 1340 3946 Sed

112 4005 145 4055 et
166 3997 236 4076 ipsa
263 3991 440 4059 liberalitas
463 3997 530 4079 jam
555 4009 781 4075 mortuaest,
810 3999 966 4082 siquidem
991 4001 1094 4061 vivam
1118 4001 1258 4083 exiguos.
1281 3998 1339 4064 ille

109 4108 249 4176 tumulus
271 4114 403 4181 minime
425 4110 696 4197 comprehendere
720 4118 885 4198 potuisset.
929 4115 1016 4180 Dum
1034 4119 1252 4203 vireret,-qui
1268 4121 1337 4201 jaan
1382 4166 1385 4173 -
