2904 4942
244 328 286 386 Dr
307 275 470 404 araamlnto
493 332 664 406 dircrriram
679 334 825 407 ammam
847 334 1004 396 carminum
1023 335 1237 419 Arabicarum,
1286 316 1345 405 nd

113 491 290 556 scribendi
304 494 351 556 rai
365 492 552 559 laudandae
575 495 770 580 praestantii
790 512 968 564 versantur.
1006 500 1079 565 Huc
1102 506 1134 567 c't
1155 503 1339 574 calabraria-

114 611 204 674 aima-
221 608 278 673 illa
300 624 421 696 septem
444 614 603 690 carmina,
629 611 743 697 quibus
764 610 1000 681 Moallalraram
1024 640 1160 701 nornen,
1182 626 1341 707 pertinere

115 729 279 803 mdcamrr
303 730 446 814 quamvis
462 728 503 793 ab
524 727 618 806 aliia,
640 732 783 793 maxims
798 728 953 815 torrem,
985 735 1151 802 buculiaae
1170 744 1260 825 pueri
1282 747 1340 808 tri·

117 845 269 910 bacatum
318 848 364 941 Aa
389 866 467 910 vero
488 847 517 910 ai
542 848 684 923 carmina
709 845 765 909 illa
789 848 1081 918 cam-Giaeourum
1103 854 1339 923 Romanorum-

115 962 401 1050 que-carminibus
421 962 578 1029 bucolicis
606 965 773 1044 conferas,
805 966 895 1031 haud·
919 973 1069 1054 exiguam
1097 985 1128 1036 et
1149 963 1339 1058 argumeml,

112 1096 148 1145 at
169 1084 348 1175 diminuis,
371 1097 404 1144 et
433 1085 538 1147 omnis
560 1085 690 1146 omnino
718 1083 837 1149 indolis
866 1084 1337 1176 diversitatemdeprehendes.

112 1197 265 1285 Namque
284 1204 325 1273 ad
347 1166 570 1286 argumentum
596 1203 678 1282 quod
702 1202 841 1281 adtinet,
873 1215 1001 1287 praeter
1031 1203 1155 1289 puellae
1177 1207 1338 1297 formosae

112 1320 382 1406 descriptionem,
405 1315 549 1384 Arabum
571 1317 746 1393 Moallalris
769 1319 849 1383 nihil
873 1342 943 1384 cum
963 1318 1157 1388 Graecorum
1181 1323 1344 1392 llumanm.

110 1457 249 1522 ramqaa
271 1436 469 1511 carminibus
486 1435 640 1501 bucolicis
662 1458 844 1501 commune.
877 1436 975 1503 Nulla
997 1443 1029 1504 ln
1047 1440 1097 1505 bis
1112 1439 1161 1503 vel
1176 1446 1253 1528 equi
1270 1442 1338 1508 bel·

110 1553 246 1633 laturis,
276 1555 326 1620 vel
356 1552 486 1632 cameli,
513 1554 759 1641 longinquorum
782 1559 931 1620 itinerum
961 1561 1106 1640 comitis,
1136 1557 1188 1622 val
1209 1561 1338 1639 sortita·
1416 1575 1420 1585 '

110 1670 206 1737 disis
228 1671 364 1736 bellicae
394 1677 531 1748 meatim
566 1673 683 1761 quibus
711 1687 816 1737 tamen
846 1675 943 1739 rebus
974 1696 1070 1743 omne
1099 1674 1336 1745 Moallalrarum

110 1793 297 1854 continetur
318 1806 550 1877 argumentum.
600 1789 768 1867 Accedit,
784 1795 867 1876 quod
897 1805 929 1854 et
950 1790 1183 1857 Mnallakarum
1209 1797 1336 1863 dicendi

111 1884 233 1995 genas,
258 1880 333 1993 quin
355 1912 421 1973 ima
434 1899 547 1973 ¹omt'ris
570 1930 678 1973 aarum
698 1909 825 1973 indoles
846 1909 992 1977 altiorem
1014 1909 1158 1975 redoleat
1178 1916 1334 1997 spiritum,

113 2020 208 2110 qaam
230 2030 259 2091 is
282 2048 355 2093 case
378 2027 481 2108 solat,
508 2028 563 2113 qai
592 2029 626 2089 in
659 2026 855 2091 carminibus
884 2025 1038 2092 bucolicis
1067 2030 1268 2114 conspicitur.
1291 2068 1334 2081 -··

109 2144 195 2207 Lata
215 2158 248 2207 ct
268 2144 498 2231 descriptisum
519 2167 621 2231 ganas
648 2147 683 2207 in
704 2144 848 2215 Arabum
877 2146 968 2230 poesi
995 2159 1126 2230 ragnat3
1161 2147 1242 2211 adeo
1263 2154 1332 2236 qui.-

109 2265 295 2343 dem.,-·1ut,
324 2267 354 2327 ai
381 2263 482 2347 lyrico
517 2268 628 2351 generi
656 2265 778 2347 primae
806 2261 996 2331 tribuantur·
1019 2280 1143 2348 partes,
1176 2270 1334 2334 secundas

111 2379 234 2466 obtimo
254 2385 328 2465 jara
349 2384 576 2468 descriptianm
604 2383 668 2445 sibi
700 2382 851 2447 vindicet.
892 2381 944 2446 De
974 2389 1120 2464 satyrico
1145 2405 1264 2469 genere
1287 2388 1334 2450 di-

110 2518 189 2564 ccn
208 2508 273 2563 noa
296 2498 436 2576 adtinet3
458 2510 603 2585 'namquo
623 2519 666 2563 cx
687 2500 758 2580 ipso
784 2499 852 2580 jam
875 2501 1006 2569 nomine
1030 2503 1109 2564 satis
1130 2500 1331 2588 intelligitur,

108 2628 272 2704 qaudam
285 2640 387 2705 genus
410 2618 490 2682 illud
505 2619 569 2682 sibi
582 2618 731 2680 'vindicet
747 2617 901 2683 carmina.
939 2619 988 2681 Ad
1009 2618 1208 2685 didacticum
1228 2644 1330 2708 genas

109 2739 220 2802 omnis
240 2737 346 2801 atllica
367 2751 462 2822 atque
479 2739 631 2822 gnamica
644 2735 788 2799 Arabum
805 2738 923 2819 moeris
944 2736 1130 2812 referenda3
1149 2737 1213 2802 huc
1232 2745 1331 2827 perti-

112 2859 304 2920 nemetiam
320 2835 468 2940 longiora¹
483 2854 540 2919 illa
559 2859 719 2930 carmina,
744 2875 824 2938 quae
840 2856 872 2914 in
889 2857 1088 2937 exponendis
1103 2861 1330 2940 grammaticis,

110 2972 363 3059 philosophicis,
389 2973 588 3060 theologicis,
607 2969 858 3048 mathematicis,
877 2971 1116 3054 juridicialibus
1136 2976 1330 3064 medicisque

111 3091 291 3177 disciplinis
313 3107 491 3156 versantur.
542 3072 744 3156 Narratoria
772 3093 882 3174 generi
915 3092 1112 3155 accensenda
1134 3107 1209 3157 aunt
1230 3095 1330 3160 lrlsto·

108 3213 168 3275 rici
184 3214 363 3296 argumenti
379 3213 536 3287 carmina,
561 3204 688 3273 fabulae
704 3230 799 3293 porro
811 3207 1049 3286 Romanenses,
1071 3208 1216 3295 aliaeque
1236 3211 1330 3276 fictae

109 3333 345 3410 narrationes,·
368 3327 611 3393 celebratissimi
646 3325 696 3389 illi
734 3326 875 3391 Harirt'r'
910 3324 1111 3412 aliorumque
1147 3350 1328 3410 consessus,

110 3447 239 3534 apalagi
259 3465 294 3513 st
314 3445 451 3524 similia,
470 3464 608 3530 quorum
629 3443 706 3511 licat
727 3464 940 3529 magnapars
960 3442 1065 3509 solutis
1087 3448 1231 3509 oratione
1252 3470 1329 3511 con-

108 3571 228 3651 uriom
249 3569 304 3647 ait,
325 3535 445 3642 tamen,
465 3565 896 3649 argumentum-sirpeam,
917 3563 1007 3646 paesi
1029 3565 1144 3627 merito
1160 3563 1329 3629 tribuenda

110 3688 267 3748 videatur.
311 3685 361 3748 Aa
385 3689 682 3767 epigrammaticum
704 3683 842 3766 denique
863 3682 994 3766 po'eain,
1010 3694 1148 3763 -praeter
1170 3682 1239 3764 ipsa
1260 3685 1328 3766 epi·

109 3816 304 3890 grammata,
329 3803 497 3887 referenda
520 3802 719 3897 aenigmata,
752 3798 877 3887 griphi,
909 3796 1035 3883 aliaque
1056 3800 1089 3863 id
1109 3820 1224 3883 genus.

212 4000 215 4005 Ι
625 3920 656 3995 §-
695 3916 817 3983 Lvttl.

193 4041 383 4115 Memoratis
405 4037 492 4101 bisce
514 4039 692 4103 carminum
717 4034 893 4121 generibus
920 4035 1026 4099 omnis
1039 4033 1192 4105 ¹Arabum
1221 4039 1326 4120 poesis

107 4162 300 4225 continetur.
363 4155 574 4232 Quaesivcris
598 4154 727 4230 forsan,
763 4155 818 4238 qni
843 4154 964 4218 lacmm
993 4152 1111 4231 tuerit,
1141 4166 1175 4218 ut
1202 4156 1324 4239 epicam

1034 4277 1055 4335 ⁷
1072 4277 1086 4308 ⁸
