2880 4950
451 328 492 386 De
511 328 580 401 stult
609 326 978 388 commensuritionem.
1159 380 1167 399 ,
1266 328 1329 391 203

102 486 210 576 stragis
233 491 373 556 numinis
395 491 497 556 diuini
526 489 729 577 pulchritudo
758 504 855 575 atque
883 489 1038 575 perfectio
1067 510 1194 558 omnent
1214 491 1329 557 buma-

102 629 179 672 narn
203 605 476 692 pulchritudinem
493 622 632 694 superat.
671 609 772 675 Sicuti
790 621 894 673 autem
912 606 1054 675 humano
1072 631 1181 675 amore
1202 612 1330 676 animm

103 724 207 812 qnasi
220 703 374 789 inebriari
395 733 429 790 et
449 727 488 790 ad
508 728 667 791 insaniam
683 726 786 812 abripi
800 724 900 807 solet,
923 713 967 789 ita
983 725 1082 790 multo
1101 730 1203 812 magis
1219 729 1328 792 divino

104 843 164 908 illo
195 831 322 917 amore3
352 864 444 927 quern
476 842 620 909 babituur
649 867 719 909 cum
748 842 854 909 nullus
883 865 989 914 termo
1017 846 1195 930 exprimere
1219 848 1329 930 possit,

105 961 226 1023 amoris
260 981 336 1023 vero
366 974 460 1047 atque
489 963 655 1029 ebrietatis
692 963 781 1027 furor
816 963 962 1047 proxime
990 957 1038 1023 illi
1069 963 1215 1040 accedat,
1253 964 1328 1047 quid
1354 1010 1356 1016 s

91 1052 240 1155 mirum,
252 1085 374 1162 ‘poetas
394 1083 517 1146 amoris
529 1081 661 1146 bomani
678 1094 772 1165 atque
791 1079 954 1144 ebrietatis
970 1079 1164 1164 imaginibus
1186 1080 1329 1146 diuinum

104 1194 199 1260 illurn
228 1215 369 1260 amorem
397 1170 622 1285 descripsisse.
671 1199 758 1286 Huic
784 1198 960 1263 sententiae
988 1181 1045 1261 alii
1073 1212 1253 1282 opponunt,
1284 1199 1327 1266 nil

106 1316 239 1378 omnino
261 1313 406 1395 obstare,
429 1338 491 1397 quo
512 1321 618 1384 minus
634 1319 753 1383 amoris
769 1317 870 1381 divini
886 1312 1033 1400 voluptas
1048 1317 1166 1381 amoris
1185 1315 1328 1398 bomani,

105 1431 158 1499 rel
181 1431 344 1504 ebrietatis
366 1434 507 1520 imagine
529 1440 802 1522 repraesentetur;
826 1454 928 1520 neque
945 1446 1052 1496 tamen
1070 1453 1140 1511 eam
1155 1435 1327 1521 imaginem

104 1572 162 1637 per
190 1553 351 1637 integrum
380 1564 527 1633 carmen,
567 1552 688 1618 ominati
723 1554 848 1639 penitus
882 1552 1012 1636 proprisi
1042 1521 1190 1628 notione,
1232 1575 1328 1638 posse

106 1671 257 1746 extendi3
279 1672 313 1735 id
331 1671 415 1735 enim
438 1673 492 1758 qui
516 1670 674 1750 iacerent,
698 1692 762 1734 nou
786 1670 947 1748 carmina,
970 1669 1026 1739 sed
1048 1670 1228 1754 aenigmata
1248 1674 1329 1734 scri·
1383 1678 1385 1683 '

107 1776 183 1869 bere
206 1790 356 1863 censendi
379 1774 499 1853 essent.
545 1786 658 1875 Neque
680 1786 777 1852 ullam
800 1789 915 1851 adesso
936 1788 1111 1865 rationem,
1143 1807 1235 1870 quam
1252 1767 1331 1873 „pro-

107 1919 177 1990 pter
200 1915 312 1991 potitae
334 1928 402 1971 rem
431 1908 571 1972 maxime
600 1902 814 1986 laudabilem,
850 1907 997 1992 pietatem
1026 1906 1059 1968 in
1083 1903 1207 1986 Deum,
1237 1919 1330 1992 tego„-

107 2026 225 2088 ruentia
246 2022 412 2094 involvere
435 2023 551 2104 veiint,
574 2038 684 2090 contra
703 2045 829 2093 amores
844 2024 1022 2106 impudicos
1042 2035 1150 2107 aperte
1172 2021 1329 2107 profiteri.

105 2139 211 2206 Multo
241 2143 338 2227 igitur
367 2162 439 2210 esse
471 2141 697 2222 verisimilius,
729 2150 844 2227 poetas
880 2138 971 2229 illos,
1005 2153 1170 2231 utcunque!
1199 2163 1330 2223 sensum

106 2260 264 2344 quendam
287 2257 442 2322 occultum
465 2258 598 2323 innuere
620 2262 809 2338 videantur,
833 2281 872 2322 eo
894 2255 997 2323 solum
1021 2272 1186 2342 praetentu
1208 2261 1271 2337 uti,
1295 2270 1330 2323 ut

106 2379 194 2441 cives
217 2398 293 2440 suos
315 2375 462 2441 credulos
482 2391 514 2439 ot
532 2376 700 2461 religiosos
715 2377 894 2460 decipiant,
918 2391 949 2439 et
967 2374 1181 2460 voluptatibus
1196 2375 1330 2441 liberius

106 2494 293 2581 indulgeant
317 2494 378 2578 ⁹⁸).
410 2533 447 2544 -
478 2492 582 2558 Nobis
604 2497 636 2558 in
667 2493 726 2557 bac
756 2462 942 2579 opinionum
966 2494 1165 2558 dissensione
1190 2494 1237 2557 ita
1264 2507 1331 2558 sta-

106 2615 258 2678 tuendum
281 2614 421 2677 videtur:
446 2587 558 2676 baberi
582 2610 713 2676 omnino
735 2614 768 2674 in
791 2609 933 2675 Arabum
957 2588 1046 2695 potiri
1065 2613 1224 2689 carmina,
1249 2634 1329 2695 quae

104 2735 138 2797 in
162 2730 326 2818 allegoriis
355 2733 497 2813 mysticis
523 2744 707 2804 versentur3
735 2730 787 2794 bis
815 2745 921 2793 tamen
953 2730 1081 2792 nonnisi
1109 2750 1147 2791 ea
1176 2741 1244 2793 tuto
1275 2731 1330 2794 ad·

107 2851 273 2923 numerari
295 2871 407 2934 posse,
435 2869 569 2934 quorum
601 2847 652 2912 val
681 2869 835 2932 expressa
864 2846 976 2921 uerba,
1007 2844 1057 2909 eol
1089 2868 1196 2911 rerum
1224 2869 1329 2913 nexus

107 2967 254 3039 altiorem
284 2965 374 3032 illurn
407 2989 537 3031 sensum
564 2971 719 3041 innuent;
749 2979 872 3044 cetera,
902 2963 1093 3051 quibus-nil
1120 2966 1215 3038 insit,
1245 2966 1331 3050 quod
1434 3031 1437 3036 ,

107 3088 315 3174 allegoricam
332 3067 630 3171 'interpretationem
653 3085 827 3172 efflagitet,
851 3083 927 3149 licet
947 3082 987 3147 ab
1004 3082 1231 3169 interpretibus
1246 3081 1331 3147 Ara-

107 3207 188 3272 bioia
224 3207 259 3269 in
293 3208 461 3288 mysticum
496 3226 626 3269 aeneum
662 3205 933 3289 detorqueantur,
971 3203 1098 3286 proprie
1132 3201 1331 3284 accipienda.

106 3320 298 3409 Exemplum
321 3321 493 3406 allegoriae
516 3326 670 3406 mysticae
691 3321 792 3386 habea
814 3323 847 3383 ia
870 3317 1124 3383 celebratissimo
1144 3317 1202 3382 illo
1218 3319 1333 3386 Ontore'

108 3461 169 3528 edre
189 3454 328 3525 Foredd
354 3460 515 3535 carmine,
545 3458 629 3542 quod
655 3464 757 3555 agg>
784 3453 980 3518 inscribitur.
1032 3453 1068 3518 ln
1099 3453 1160 3518 boc
1188 3457 1330 3518 carmine

106 3598 227 3662 amoris
258 3592 359 3657 diuini
391 3590 537 3676 voluptas
572 3592 638 3656 vini
665 3588 842 3656 dulcissimi
878 3591 1017 3674 imagine
1046 3589 1205 3674 pingitur,
1248 3606 1329 3672 qnae

103 3716 214 3799 imago
251 3712 327 3776 inde
356 3731 375 3773 a
405 3711 556 3774 carminis
585 3712 678 3774 initio
712 3709 750 3773 ad
784 3706 882 3773 finem
912 3724 1011 3793 usque
1039 3708 1259 3803 continuatur,
1296 3718 1330 3771 et

259 3946 268 3960 Ι

146 4049 205 4131 98)
227 4049 301 4109 Vide
316 4050 432 4110 Jooosii
457 4055 583 4129 poiseus
598 4049 753 4111 Asiaticae
775 4047 1050 4109 commentariorum
1073 4066 1139 4136 cap.
1152 4047 1210 4122 tx,
1231 4051 1264 4108 dt
1278 4062 1329 4109 oe-

190 4153 266 4212 rerrd
282 4158 443 4232 potantum
459 4154 669 4230 dmiratione·
