2904 4942
110 321 150 382 ⁷8
432 376 435 383 ,
566 316 637 375 Pcra
658 316 698 374 11.
744 317 812 392 Cap.
834 318 912 405 ¹¹2
995 272 998 278 Ι

110 483 275 553 Esthercc
303 477 404 557 libro,
442 475 535 563 plura
563 475 750 559 occurrere,
788 502 920 569 quorum
953 479 1051 549 fidem
1078 482 1264 548 historicam
1299 488 1332 567 iu

111 602 243 666 dubium
265 619 381 662 vocare
404 599 527 682 possis3
565 619 668 682 neque
689 612 795 661 tamen
818 597 946 662 illorum
970 599 1127 666 librorum
1148 601 1335 666 auctoribus
1360 653 1363 660 .

108 702 304 806 propositum
328 716 427 778 fuisse
452 715 593 792 videtur,
625 713 751 778 fabuias
774 717 996 796 conscribere,
1016 740 1097 783 cum
1118 718 1335 806 aitereorum

108 826 259 920 (Rutdue
280 832 409 914 auctor)
433 830 655 918 genealogiam
678 812 823 898 Decidio
845 837 930 920 regia
953 839 1131 900 narrationi
1152 860 1230 901 suaa
1252 852 1334 902 atte-

107 958 229 1029 xuerit3
253 952 333 1016 aiter
349 969 425 1012 vero
448 948 630 1030 (Estherce
645 952 767 1043 auctor)
789 952 864 1015 festi
880 950 982 1032 iliius,
1001 935 1186 1034 ‘cuiPurc'm
1202 963 1334 1034 nomen,

107 1074 265 1158 originem
290 1071 405 1132 docere
430 1065 576 1132 voluerit.
629 1067 736 1145 Quare
761 1085 893 1154 uterque
918 1068 1000 1135 liber
1023 1071 1184 1139 historicis
1213 1077 1332 1159 potius,

108 1211 202 1274 qnam
217 1189 353 1273 po'e'ticis
367 1186 591 1271 Hebraeorum
608 1189 734 1271 scriptis
749 1188 874 1250 videtur
888 1190 1156 1255 adnumerandus.
1181 1239 1188 1252 .
1201 1191 1333 1256 Rectius

105 1307 243 1377 fortasse
264 1306 369 1394 donae
390 1302 508 1390 librum
530 1306 563 1366 in
586 1302 731 1368 fictarum
755 1307 974 1370 narrationum
995 1329 1170 1400 'numerum
1194 1310 1330 1395 referas,

109 1427 201 1508 cujus
216 1425 364 1506 auctori,
387 1425 421 1486 ni
442 1420 602 1501 fallimur,
625 1424 823 1508 propositum
845 1422 922 1503 init,
947 1422 1162 1513 Ninivitarum
1180 1428 1241 1493 sub
1257 1451 1331 1515 per·
1358 1463 1361 1474 ·

106 1545 187 1625 sonti
209 1542 395 1619 ostendere,
417 1541 522 1604 Deum
539 1561 602 1603 non
618 1538 723 1605 solum
741 1541 890 1620 Judaeis,
914 1562 1025 1606 verum
1048 1547 1143 1608 etiarn
1156 1547 1331 1632 gentilibus
1361 1541 1375 1621 '¹

105 1644 276 1748 propitium
300 1661 385 1739 fore,
407 1661 437 1724 si
458 1659 499 1722 ad
522 1656 639 1731 bonam
661 1657 786 1745 frugem
807 1632 1019 1725 reiertantur.

621 1914 732 1986 Gap.
763 1917 818 1972 ΙΙ.

265 2054 303 2104 De
322 2060 471 2116 argumento
490 2051 653 2119 diversisque
671 2053 810 2117 generibus
828 2053 967 2104 carminum
984 2053 1164 2106 Arabiooruur.

633 2225 662 2299 s.
692 2217 814 2282 xnur.

187 2355 356 2419 Poetarum
386 2353 595 2420 Arabicorum
628 2353 873 2436 cuminfinitus
902 2354 970 2416 fora
999 2357 1236 2435 sit'numerus‚
1274 2360 1330 2422 vix

102 2477 269 2562 quisquam
298 2474 513 2550 existimabit,
550 2495 628 2550 nos,
652 2473 748 2558 vquod
772 2475 805 2534 in
828 2471 1049 2535 Hebraeorum
1071 2476 1160 2556 poesi
1182 2474 1329 2552 fecirnua,

101 2578 229 2677 singula
252 2600 386 2676 poiiseos
408 2592 565 2654 Arabicae
588 2593 785 2653 monimenta
808 2593 1047 2671 recensituros,
1078 2612 1254 2678 eorumque
1276 2617 1329 2656 ar-

83 2692 287 2796 gumentum
310 2686 512 2793 exposituros
535 2730 617 2772 esse.
668 2706 762 2784 Quod
785 2711 813 2771 si
836 2707 886 2770 vel
909 2710 1042 2792 gestiret
1064 2711 1208 2787 animus,
1241 2709 1329 2773 haud

101 2843 206 2893 tamen
230 2843 391 2913 praestare
415 2846 598 2909 possemus;
625 2828 781 2912 siquidem
801 2848 902 2911 neque
920 2826 1032 2902 nobis,
1056 2847 1158 2911 neque
1180 2830 1328 2912 cuiquam

88 2945 175 3048 ,³¹5²
201 2949 336 3030 contigit
357 2967 427 3008 esse
450 2959 514 3007 tam
537 2941 703 3021 felicibus,
731 2957 766 3006 ut
788 2961 899 3008 cuncta
923 2955 1056 3029 poeseos
1078 2943 1237 3007 Arabicae
1261 2966 1330 3008 mo·

99 3067 260 3140 nimenta,
301 3084 383 3148 quae
412 3063 444 3123 in
476 3063 767 3124 diversissimorum
803 3061 945 3125 locorum
984 3060 1142 3124 thesauris
1174 3060 1328 3126 literariis

101 3182 329 3257 adservantur,
360 3177 592 3241 evolveremus.
643 3175 756 3263 Neque
783 3181 815 3241 id
839 3202 895 3263 pro
919 3183 1019 3242 nostri
1043 3183 1175 3244 instituti
1201 3155 1327 3246 ratione

101 3303 317 3362 necessarium
342 3300 472 3362 omnino
495 3298 640 3375 videturj
672 3295 830 3375 sufficiet,
861 3301 893 3361 in
919 3303 1105 3363 universum
1125 3284 1326 3384 exposuisse,

85 3438 252 3507 *quasnam
276 3437 328 3480 res
345 3416 487 3481 Arabum
508 3424 622 3501 potitae
644 3415 823 3478 tractandas
846 3415 909 3478 sibi
931 3419 1122 3494 sumserint,
1148 3419 1257 3501 quave
1281 3439 1329 3488 ra·
1378 3481 1380 3485 Α

101 3537 188 3599 tione
211 3536 339 3599 easdem
364 3538 584 3609 tractaverint3
615 3537 698 3597 unde
718 3530 822 3617 palam
845 3531 917 3611 fiet,
945 3555 1046 3617 quae,
1072 3549 1187 3622 quotve
1212 3538 1327 3601 carmi-

100 3675 177 3718 num
194 3653 405 3719 Auabicorum
421 3674 539 3738 genera
554 3655 721 3716 statuenda
736 3653 810 3714 sint.
854 3651 905 3716 De
921 3652 1098 3718 carminum
1114 3653 1328 3717 Arabicorum

100 3785 289 3856 argumento
320 3775 517 3856 diversisque
539 3768 712 3853 generibus
741 3768 827 3833 haud
854 3773 981 3855 ineptus
1011 3772 1147 3835 babetur
1175 3770 1266 3844 locus
1294 3776 1328 3836 in

100 3921 236 4010 prologo
256 3927 381 4007 operis,
406 3925 489 4009 quod
507 3920 707 4022 inscribitur:
734 3887 848 4002 'bifidi
873 3909 1015 3978 masor
1037 3909 1146 3997 ΕΜ,
1172 3921 1328 3988 Collectio

102 4049 279 4108 carminum
303 4041 506 4106 heroicorum
531 4039 721 4118 Bocrecsc'a,
760 4055 889 4104 auctore
919 4043 982 4106 Ali
1000 4041 1064 4104 ben
1086 4040 1328 4121 Abilfcrodecli

103 4157 283 4237 ereccr'5
307 4182 399 4246 quarn
421 4157 527 4221 locum
551 4180 593 4221 ex
619 4158 745 4224 castrii
758 4159 965 4225 Bibliotheca
987 4157 1138 4267 Arabico
1160 4159 1213 4259 bic
1231 4165 1330 4246 a'ppo·
