<?xml version="1.0" encoding="UTF-8"?>
<!DOCTYPE html PUBLIC "-//W3C//DTD XHTML 1.0 Transitional//EN"
    "http://www.w3.org/TR/xhtml1/DTD/xhtml1-transitional.dtd">
<html xmlns="http://www.w3.org/1999/xhtml" xml:lang="en" lang="en">
 <head>
  <title>
</title>
<meta http-equiv="Content-Type" content="text/html;charset=utf-8" />
  <meta name='ocr-system' content='tesseract 3.04.00' />
  <meta name='ocr-capabilities' content='ocr_page ocr_carea ocr_par ocr_line ocrx_word'/>
</head>
<body>
  <div class='ocr_page' id='page_1' title='image "./joannisgeorgiiw00wenrgoog_0217.png"; bbox 0 0 2880 4950; ppageno 0'>
   <div class='ocr_carea' id='block_1_1' title="bbox 4 313 903 405">
    <p class='ocr_par' dir='ltr' id='par_1_1' title="bbox 4 313 903 405">
     <span class='ocr_line' id='line_1_1' title="bbox 4 313 903 405; baseline -0.004 -13"><span class='ocrx_word' id='word_1_1' title='bbox 4 313 7 319; x_wconf 81' lang='grc'><strong>’</strong></span> <span class='ocrx_word' id='word_1_2' title='bbox 127 330 191 392; x_wconf 66' lang='lat' dir='ltr'><strong>m</strong></span> <span class='ocrx_word' id='word_1_3' title='bbox 570 327 903 405; x_wconf 57' lang='lat' dir='ltr'><strong>mmmm</strong></span> 
     </span>
    </p>
   </div>
   <div class='ocr_carea' id='block_1_2' title="bbox 125 471 1348 1421">
    <p class='ocr_par' dir='ltr' id='par_1_2' title="bbox 125 471 1348 1421">
     <span class='ocr_line' id='line_1_2' title="bbox 125 471 1346 596; baseline 0.007 -14"><span class='ocrx_word' id='word_1_4' title='bbox 125 496 239 582; x_wconf 63' lang='lat' dir='ltr'><strong>asa</strong></span> <span class='ocrx_word' id='word_1_5' title='bbox 272 499 355 581; x_wconf 61' lang='lat' dir='ltr'><strong>aa</strong></span> <span class='ocrx_word' id='word_1_6' title='bbox 390 496 537 590; x_wconf 44' lang='lat' dir='ltr'><strong>aaa&gt;</strong></span> <span class='ocrx_word' id='word_1_7' title='bbox 570 494 670 596; x_wconf 66' lang='lat' dir='ltr'><strong>aaa</strong></span> <span class='ocrx_word' id='word_1_8' title='bbox 702 477 763 580; x_wconf 57' lang='lat' dir='ltr'><strong>aa</strong></span> <span class='ocrx_word' id='word_1_9' title='bbox 793 501 857 586; x_wconf 56' lang='lat' dir='ltr'><strong>aa,</strong></span> <span class='ocrx_word' id='word_1_10' title='bbox 879 492 1011 594; x_wconf 58' lang='lat' dir='ltr'><strong>praa</strong></span> <span class='ocrx_word' id='word_1_11' title='bbox 1043 494 1073 578; x_wconf 76' lang='lat' dir='ltr'><strong>a</strong></span> <span class='ocrx_word' id='word_1_12' title='bbox 1106 491 1214 588; x_wconf 49' lang='lat' dir='ltr'><strong>ab?</strong></span> <span class='ocrx_word' id='word_1_13' title='bbox 1245 471 1346 590; x_wconf 54' lang='lat' dir='ltr'><strong>aa·</strong></span> 
     </span>
     <span class='ocr_line' id='line_1_3' title="bbox 126 624 1347 728; baseline -0.004 -32"><span class='ocrx_word' id='word_1_14' title='bbox 126 629 227 718; x_wconf 55' lang='lat' dir='ltr'><strong>ipsiu-i</strong></span> <span class='ocrx_word' id='word_1_15' title='bbox 252 632 361 728; x_wconf 52' lang='lat' dir='ltr'><strong>Oiaqa</strong></span> <span class='ocrx_word' id='word_1_16' title='bbox 385 629 405 691; x_wconf 89' lang='lat' dir='ltr'><strong>i.</strong></span> <span class='ocrx_word' id='word_1_17' title='bbox 428 647 457 691; x_wconf 91' lang='lat' dir='ltr'><strong>e.</strong></span> <span class='ocrx_word' id='word_1_18' title='bbox 481 625 546 711; x_wconf 84' lang='lat' dir='ltr'><strong>pila</strong></span> <span class='ocrx_word' id='word_1_19' title='bbox 568 624 796 692; x_wconf 79' lang='lat' dir='ltr'><strong>vocabulorum</strong></span> <span class='ocrx_word' id='word_1_20' title='bbox 828 624 1055 706; x_wconf 85' lang='lat' dir='ltr'><strong>barbararum,</strong></span> <span class='ocrx_word' id='word_1_21' title='bbox 1086 627 1216 712; x_wconf 88' lang='lat' dir='ltr'><strong>quaudo</strong></span> <span class='ocrx_word' id='word_1_22' title='bbox 1245 639 1347 691; x_wconf 83' lang='lat' dir='ltr'><strong>vereat</strong></span> 
     </span>
     <span class='ocr_line' id='line_1_4' title="bbox 126 743 1347 830; baseline 0.002 -22"><span class='ocrx_word' id='word_1_23' title='bbox 126 767 199 809; x_wconf 91' lang='lat' dir='ltr'><strong>eam</strong></span> <span class='ocrx_word' id='word_1_24' title='bbox 222 744 313 810; x_wconf 84' lang='lat' dir='ltr'><strong>clava</strong></span> <span class='ocrx_word' id='word_1_25' title='bbox 334 744 455 810; x_wconf 77' lang='lat' dir='ltr'><strong>lusoria</strong></span> <span class='ocrx_word' id='word_1_26' title='bbox 477 743 608 830; x_wconf 81' lang='lat' dir='ltr'><strong>linguae</strong></span> <span class='ocrx_word' id='word_1_27' title='bbox 629 744 804 824; x_wconf 74' lang='lat' dir='ltr'><strong>Arabicae,</strong></span> <span class='ocrx_word' id='word_1_28' title='bbox 832 755 976 810; x_wconf 90' lang='lat' dir='ltr'><strong>tornatur</strong></span> <span class='ocrx_word' id='word_1_29' title='bbox 997 746 1030 807; x_wconf 89' lang='lat' dir='ltr'><strong>ia</strong></span> <span class='ocrx_word' id='word_1_30' title='bbox 1052 765 1164 829; x_wconf 81' lang='lat' dir='ltr'><strong>gyrum</strong></span> <span class='ocrx_word' id='word_1_31' title='bbox 1185 766 1244 830; x_wconf 91' lang='lat' dir='ltr'><strong>pra</strong></span> <span class='ocrx_word' id='word_1_32' title='bbox 1266 761 1347 812; x_wconf 83' lang='lat' dir='ltr'><strong>rtru-</strong></span> 
     </span>
     <span class='ocr_line' id='line_1_5' title="bbox 125 860 1348 950; baseline 0 -22"><span class='ocrx_word' id='word_1_33' title='bbox 125 865 215 928; x_wconf 80' lang='lat' dir='ltr'><strong>ctnri</strong></span> <span class='ocrx_word' id='word_1_34' title='bbox 238 863 410 928; x_wconf 87' lang='lat' dir='ltr'><strong>formarum</strong></span> <span class='ocrx_word' id='word_1_35' title='bbox 431 867 504 947; x_wconf 82' lang='lat' dir='ltr'><strong>ejas</strong></span> <span class='ocrx_word' id='word_1_36' title='bbox 515 910 524 942; x_wconf 89' lang='lat'>‚</span> <span class='ocrx_word' id='word_1_37' title='bbox 547 861 748 946; x_wconf 86' lang='lat' dir='ltr'><strong>vuivitarque</strong></span> <span class='ocrx_word' id='word_1_38' title='bbox 766 883 823 946; x_wconf 85' lang='lat' dir='ltr'><strong>pra</strong></span> <span class='ocrx_word' id='word_1_39' title='bbox 845 860 939 926; x_wconf 91' lang='lat' dir='ltr'><strong>libita</strong></span> <span class='ocrx_word' id='word_1_40' title='bbox 956 864 990 925; x_wconf 93' lang='lat' dir='ltr'><strong>in</strong></span> <span class='ocrx_word' id='word_1_41' title='bbox 1009 860 1168 946; x_wconf 80' lang='lat' dir='ltr'><strong>palaeetni</strong></span> <span class='ocrx_word' id='word_1_42' title='bbox 1185 861 1348 950; x_wconf 85' lang='lat' dir='ltr'><strong>linguae.“</strong></span> 
     </span>
     <span class='ocr_line' id='line_1_6' title="bbox 127 978 1346 1068; baseline 0.002 -24"><span class='ocrx_word' id='word_1_43' title='bbox 127 979 221 1058; x_wconf 82' lang='lat' dir='ltr'><strong>Quae</strong></span> <span class='ocrx_word' id='word_1_44' title='bbox 244 981 305 1045; x_wconf 92' lang='lat' dir='ltr'><strong>hac</strong></span> <span class='ocrx_word' id='word_1_45' title='bbox 324 979 399 1044; x_wconf 91' lang='lat' dir='ltr'><strong>loca</strong></span> <span class='ocrx_word' id='word_1_46' title='bbox 416 979 552 1047; x_wconf 89' lang='lat' dir='ltr'><strong>babetur</strong></span> <span class='ocrx_word' id='word_1_47' title='bbox 570 979 742 1066; x_wconf 79' lang='lat' dir='ltr'><strong>allegoria,</strong></span> <span class='ocrx_word' id='word_1_48' title='bbox 766 978 993 1045; x_wconf 86' lang='lat' dir='ltr'><strong>vocabulorum</strong></span> <span class='ocrx_word' id='word_1_49' title='bbox 1011 983 1251 1066; x_wconf 79' lang='lat' dir='ltr'><strong>peregrinarum</strong></span> <span class='ocrx_word' id='word_1_50' title='bbox 1266 983 1346 1068; x_wconf 86' lang='lat' dir='ltr'><strong>apud</strong></span> 
     </span>
     <span class='ocr_line' id='line_1_7' title="bbox 126 1094 1346 1185; baseline 0 -21"><span class='ocrx_word' id='word_1_51' title='bbox 126 1097 491 1165; x_wconf 81' lang='lat' dir='ltr'><strong>Arabea.inflexianem</strong></span> <span class='ocrx_word' id='word_1_52' title='bbox 515 1101 656 1185; x_wconf 82' lang='lat' dir='ltr'><strong>imagine</strong></span> <span class='ocrx_word' id='word_1_53' title='bbox 678 1097 780 1185; x_wconf 85' lang='lat' dir='ltr'><strong>pilae,</strong></span> <span class='ocrx_word' id='word_1_54' title='bbox 809 1095 900 1161; x_wconf 80' lang='lat' dir='ltr'><strong>clari</strong></span> <span class='ocrx_word' id='word_1_55' title='bbox 930 1095 1051 1163; x_wconf 76' lang='lat' dir='ltr'><strong>lusoria</strong></span> <span class='ocrx_word' id='word_1_56' title='bbox 1079 1099 1141 1163; x_wconf 88' lang='lat' dir='ltr'><strong>buc</strong></span> <span class='ocrx_word' id='word_1_57' title='bbox 1172 1098 1248 1164; x_wconf 81' lang='lat' dir='ltr'><strong>ilinc</strong></span> <span class='ocrx_word' id='word_1_58' title='bbox 1277 1094 1346 1185; x_wconf 81' lang='lat' dir='ltr'><strong>pro·</strong></span> 
     </span>
     <span class='ocr_line' id='line_1_8' title="bbox 128 1214 1345 1303; baseline 0 -21"><span class='ocrx_word' id='word_1_59' title='bbox 128 1216 251 1303; x_wconf 79' lang='lat' dir='ltr'><strong>paleae,</strong></span> <span class='ocrx_word' id='word_1_60' title='bbox 274 1231 526 1300; x_wconf 74' lang='lat' dir='ltr'><strong>repraesentans,</strong></span> <span class='ocrx_word' id='word_1_61' title='bbox 548 1216 761 1282; x_wconf 78' lang='lat' dir='ltr'><strong>Arabaiadnc</strong></span> <span class='ocrx_word' id='word_1_62' title='bbox 779 1218 905 1296; x_wconf 86' lang='lat' dir='ltr'><strong>editori,</strong></span> <span class='ocrx_word' id='word_1_63' title='bbox 924 1214 1102 1302; x_wconf 74' lang='lat' dir='ltr'><strong>Margara,</strong></span> <span class='ocrx_word' id='word_1_64' title='bbox 1126 1215 1259 1303; x_wconf 72' lang='lat' dir='ltr'><strong>elegans</strong></span> <span class='ocrx_word' id='word_1_65' title='bbox 1282 1220 1345 1282; x_wconf 83' lang='lat' dir='ltr'><strong>virt</strong></span> 
     </span>
     <span class='ocr_line' id='line_1_9' title="bbox 127 1327 1345 1421; baseline 0.001 -21"><span class='ocrx_word' id='word_1_66' title='bbox 127 1335 558 1419; x_wconf 75' lang='lat' dir='ltr'><strong>fuit31iqnideminnatie</strong></span> <span class='ocrx_word' id='word_1_67' title='bbox 588 1336 628 1400; x_wconf 90' lang='lat' dir='ltr'><strong>ad</strong></span> <span class='ocrx_word' id='word_1_68' title='bbox 660 1334 747 1399; x_wconf 90' lang='lat' dir='ltr'><strong>hune</strong></span> <span class='ocrx_word' id='word_1_69' title='bbox 774 1327 1023 1399; x_wconf 57' lang='lat' dir='ltr'><strong>lacam&#39;mcnet:</strong></span> <span class='ocrx_word' id='word_1_70' title='bbox 1060 1334 1246 1421; x_wconf 73' lang='lat' dir='ltr'>„elegantia</span> <span class='ocrx_word' id='word_1_71' title='bbox 1267 1357 1345 1401; x_wconf 87' lang='lat' dir='ltr'><strong>aara-</strong></span> 
     </span>
    </p>
   </div>
   <div class='ocr_carea' id='block_1_3' title="bbox 128 1428 1343 1539">
    <p class='ocr_par' dir='ltr' id='par_1_3' title="bbox 128 1428 1343 1539">
     <span class='ocr_line' id='line_1_10' title="bbox 128 1428 1343 1539; baseline 0.002 -23"><span class='ocrx_word' id='word_1_72' title='bbox 128 1455 325 1539; x_wconf 71' lang='lat' dir='ltr'><strong>patrationis,</strong></span> <span class='ocrx_word' id='word_1_73' title='bbox 356 1456 419 1538; x_wconf 79' lang='lat' dir='ltr'><strong>qud</strong></span> <span class='ocrx_word' id='word_1_74' title='bbox 444 1474 538 1519; x_wconf 84' lang='lat' dir='ltr'><strong>vaces</strong></span> <span class='ocrx_word' id='word_1_75' title='bbox 565 1453 768 1538; x_wconf 80' lang='lat' dir='ltr'><strong>peregrinas,</strong></span> <span class='ocrx_word' id='word_1_76' title='bbox 799 1451 841 1515; x_wconf 88' lang='lat' dir='ltr'><strong>ab</strong></span> <span class='ocrx_word' id='word_1_77' title='bbox 862 1428 1025 1517; x_wconf 82' lang='lat' dir='ltr'><strong>Arabibua</strong></span> <span class='ocrx_word' id='word_1_78' title='bbox 1048 1451 1289 1538; x_wconf 75' lang='lat' dir='ltr'><strong>pronuntiatae,</strong></span> <span class='ocrx_word' id='word_1_79' title='bbox 1316 1457 1343 1518; x_wconf 87' lang='lat' dir='ltr'><strong>in</strong></span> 
     </span>
    </p>
   </div>
   <div class='ocr_carea' id='block_1_4' title="bbox 7 1568 1343 1659">
    <p class='ocr_par' dir='ltr' id='par_1_4' title="bbox 7 1568 1343 1659">
     <span class='ocr_line' id='line_1_11' title="bbox 7 1568 1343 1659; baseline 0.001 -25"><span class='ocrx_word' id='word_1_80' title='bbox 7 1620 18 1627; x_wconf 87' lang='lat'><em>.</em></span> <span class='ocrx_word' id='word_1_81' title='bbox 126 1570 207 1635; x_wconf 79' lang='lat' dir='ltr'><strong>alias</strong></span> <span class='ocrx_word' id='word_1_82' title='bbox 229 1569 314 1634; x_wconf 85' lang='lat' dir='ltr'><strong>flecti</strong></span> <span class='ocrx_word' id='word_1_83' title='bbox 336 1571 456 1636; x_wconf 73' lang='lat' dir='ltr'><strong>formas</strong></span> <span class='ocrx_word' id='word_1_84' title='bbox 478 1573 628 1658; x_wconf 81' lang='lat' dir='ltr'><strong>exponit,</strong></span> <span class='ocrx_word' id='word_1_85' title='bbox 661 1573 764 1655; x_wconf 77' lang='lat' dir='ltr'><strong>magia</strong></span> <span class='ocrx_word' id='word_1_86' title='bbox 794 1569 899 1657; x_wconf 88' lang='lat' dir='ltr'><strong>adhuc</strong></span> <span class='ocrx_word' id='word_1_87' title='bbox 927 1568 1079 1635; x_wconf 84' lang='lat' dir='ltr'><strong>elucescit</strong></span> <span class='ocrx_word' id='word_1_88' title='bbox 1108 1591 1150 1635; x_wconf 87' lang='lat' dir='ltr'><strong>ex</strong></span> <span class='ocrx_word' id='word_1_89' title='bbox 1179 1573 1343 1659; x_wconf 80' lang='lat' dir='ltr'><strong>ea,‘quud</strong></span> 
     </span>
    </p>
   </div>
   <div class='ocr_carea' id='block_1_5' title="bbox 124 1685 1343 2484">
    <p class='ocr_par' dir='ltr' id='par_1_5' title="bbox 124 1685 1343 2484">
     <span class='ocr_line' id='line_1_12' title="bbox 125 1685 1342 1777; baseline 0.002 -25"><span class='ocrx_word' id='word_1_90' title='bbox 125 1691 230 1774; x_wconf 88' lang='lat' dir='ltr'><strong>ipeam</strong></span> <span class='ocrx_word' id='word_1_91' title='bbox 260 1686 348 1752; x_wconf 86' lang='lat' dir='ltr'><strong>illud·</strong></span> <span class='ocrx_word' id='word_1_92' title='bbox 365 1688 573 1765; x_wconf 77' lang='lat' dir='ltr'><strong>vccabulum,</strong></span> <span class='ocrx_word' id='word_1_93' title='bbox 596 1710 659 1776; x_wconf 90' lang='lat' dir='ltr'><strong>qna</strong></span> <span class='ocrx_word' id='word_1_94' title='bbox 683 1687 805 1752; x_wconf 77' lang='lat' dir='ltr'><strong>clavam</strong></span> <span class='ocrx_word' id='word_1_95' title='bbox 834 1689 1003 1772; x_wconf 81' lang='lat' dir='ltr'><strong>exprimit,</strong></span> <span class='ocrx_word' id='word_1_96' title='bbox 1032 1685 1180 1754; x_wconf 75' lang='lat' dir='ltr'><strong>Persicae</strong></span> <span class='ocrx_word' id='word_1_97' title='bbox 1203 1692 1342 1777; x_wconf 69' lang='lat' dir='ltr'><strong>originis,</strong></span> 
     </span>
     <span class='ocr_line' id='line_1_13' title="bbox 125 1805 1343 1894; baseline 0.002 -25"><span class='ocrx_word' id='word_1_98' title='bbox 125 1806 167 1870; x_wconf 89' lang='lat' dir='ltr'><strong>ab</strong></span> <span class='ocrx_word' id='word_1_99' title='bbox 189 1805 332 1871; x_wconf 87' lang='lat' dir='ltr'><strong>Arabum</strong></span> <span class='ocrx_word' id='word_1_100' title='bbox 355 1829 411 1871; x_wconf 91' lang='lat' dir='ltr'><strong>are</strong></span> <span class='ocrx_word' id='word_1_101' title='bbox 433 1812 549 1873; x_wconf 91' lang='lat' dir='ltr'><strong>mirum</strong></span> <span class='ocrx_word' id='word_1_102' title='bbox 573 1811 606 1872; x_wconf 91' lang='lat' dir='ltr'><strong>in</strong></span> <span class='ocrx_word' id='word_1_103' title='bbox 630 1809 760 1872; x_wconf 88' lang='lat' dir='ltr'><strong>madum</strong></span> <span class='ocrx_word' id='word_1_104' title='bbox 782 1807 1041 1890; x_wconf 89' lang='lat' dir='ltr'><strong>detorqueatur.“</strong></span> <span class='ocrx_word' id='word_1_105' title='bbox 1084 1805 1209 1887; x_wconf 74' lang='lat' dir='ltr'><strong>Nabis,</strong></span> <span class='ocrx_word' id='word_1_106' title='bbox 1241 1811 1343 1894; x_wconf 79' lang='lat' dir='ltr'><strong>cipro</strong></span> 
     </span>
     <span class='ocr_line' id='line_1_14' title="bbox 126 1922 1343 2011; baseline 0 -21"><span class='ocrx_word' id='word_1_107' title='bbox 126 1940 234 1990; x_wconf 85' lang='lat' dir='ltr'><strong>nostra</strong></span> <span class='ocrx_word' id='word_1_108' title='bbox 258 1946 354 1988; x_wconf 86' lang='lat' dir='ltr'><strong>senaa</strong></span> <span class='ocrx_word' id='word_1_109' title='bbox 374 1926 521 2008; x_wconf 89' lang='lat' dir='ltr'><strong>judicare</strong></span> <span class='ocrx_word' id='word_1_110' title='bbox 543 1925 637 2003; x_wconf 83' lang='lat' dir='ltr'><strong>licet,</strong></span> <span class='ocrx_word' id='word_1_111' title='bbox 661 1929 767 2010; x_wconf 82' lang='lat' dir='ltr'><strong>imago</strong></span> <span class='ocrx_word' id='word_1_112' title='bbox 784 1922 840 1986; x_wconf 87' lang='lat' dir='ltr'><strong>illa</strong></span> <span class='ocrx_word' id='word_1_113' title='bbox 860 1945 962 2007; x_wconf 88' lang='lat' dir='ltr'><strong>neque</strong></span> <span class='ocrx_word' id='word_1_114' title='bbox 979 1922 1127 2010; x_wconf 77' lang='lat' dir='ltr'><strong>elegam,</strong></span> <span class='ocrx_word' id='word_1_115' title='bbox 1151 1948 1256 2011; x_wconf 86' lang='lat' dir='ltr'><strong>neque</strong></span> <span class='ocrx_word' id='word_1_116' title='bbox 1278 1940 1343 2011; x_wconf 86' lang='lat' dir='ltr'><strong>apta</strong></span> 
     </span>
     <span class='ocr_line' id='line_1_15' title="bbox 125 2038 1342 2128; baseline -0.001 -20"><span class='ocrx_word' id='word_1_117' title='bbox 125 2046 204 2108; x_wconf 80' lang='lat' dir='ltr'><strong>aetia</strong></span> <span class='ocrx_word' id='word_1_118' title='bbox 231 2045 365 2106; x_wconf 85' lang='lat' dir='ltr'><strong>ridetur.</strong></span> <span class='ocrx_word' id='word_1_119' title='bbox 410 2041 556 2128; x_wconf 89' lang='lat' dir='ltr'><strong>Namque</strong></span> <span class='ocrx_word' id='word_1_120' title='bbox 576 2047 658 2107; x_wconf 83' lang='lat' dir='ltr'><strong>inter</strong></span> <span class='ocrx_word' id='word_1_121' title='bbox 676 2042 791 2128; x_wconf 79' lang='lat' dir='ltr'><strong>pilam,</strong></span> <span class='ocrx_word' id='word_1_122' title='bbox 813 2063 870 2126; x_wconf 90' lang='lat' dir='ltr'><strong>pro</strong></span> <span class='ocrx_word' id='word_1_123' title='bbox 892 2038 985 2104; x_wconf 89' lang='lat' dir='ltr'><strong>libito</strong></span> <span class='ocrx_word' id='word_1_124' title='bbox 1006 2043 1070 2107; x_wconf 91' lang='lat' dir='ltr'><strong>hac</strong></span> <span class='ocrx_word' id='word_1_125' title='bbox 1091 2040 1168 2106; x_wconf 82' lang='lat' dir='ltr'><strong>illuc</strong></span> <span class='ocrx_word' id='word_1_126' title='bbox 1183 2046 1342 2127; x_wconf 85' lang='lat' dir='ltr'><strong>jactatam,</strong></span> 
     </span>
     <span class='ocr_line' id='line_1_16' title="bbox 127 2134 1341 2246; baseline -0.001 -21"><span class='ocrx_word' id='word_1_127' title='bbox 127 2176 160 2225; x_wconf 94' lang='lat' dir='ltr'><strong>et</strong></span> <span class='ocrx_word' id='word_1_128' title='bbox 185 2158 411 2224; x_wconf 86' lang='lat' dir='ltr'><strong>vocabulorum</strong></span> <span class='ocrx_word' id='word_1_129' title='bbox 436 2134 664 2240; x_wconf 83' lang='lat' dir='ltr'><strong>inflexionem,</strong></span> <span class='ocrx_word' id='word_1_130' title='bbox 693 2161 732 2222; x_wconf 91' lang='lat' dir='ltr'><strong>ad</strong></span> <span class='ocrx_word' id='word_1_131' title='bbox 756 2167 859 2222; x_wconf 76' lang='lat' dir='ltr'><strong>certae</strong></span> <span class='ocrx_word' id='word_1_132' title='bbox 889 2157 1018 2245; x_wconf 81' lang='lat' dir='ltr'><strong>linguae</strong></span> <span class='ocrx_word' id='word_1_133' title='bbox 1048 2159 1138 2246; x_wconf 77' lang='lat' dir='ltr'><strong>{egea</strong></span> <span class='ocrx_word' id='word_1_134' title='bbox 1159 2164 1341 2241; x_wconf 82' lang='lat' dir='ltr'><strong>institutam,</strong></span> 
     </span>
     <span class='ocr_line' id='line_1_17' title="bbox 124 2273 1343 2364; baseline 0.003 -24"><span class='ocrx_word' id='word_1_135' title='bbox 124 2299 237 2363; x_wconf 91' lang='lat' dir='ltr'><strong>parum</strong></span> <span class='ocrx_word' id='word_1_136' title='bbox 260 2273 479 2342; x_wconf 77' lang='lat' dir='ltr'><strong>similitudinis</strong></span> <span class='ocrx_word' id='word_1_137' title='bbox 501 2281 680 2343; x_wconf 74' lang='lat' dir='ltr'><strong>intercedit.</strong></span> <span class='ocrx_word' id='word_1_138' title='bbox 716 2277 813 2344; x_wconf 84' lang='lat' dir='ltr'><strong>Haud</strong></span> <span class='ocrx_word' id='word_1_139' title='bbox 830 2278 923 2344; x_wconf 89' lang='lat' dir='ltr'><strong>aliter</strong></span> <span class='ocrx_word' id='word_1_140' title='bbox 940 2281 1034 2342; x_wconf 90' lang='lat' dir='ltr'><strong>etiam</strong></span> <span class='ocrx_word' id='word_1_141' title='bbox 1050 2280 1091 2343; x_wconf 94' lang='lat' dir='ltr'><strong>de</strong></span> <span class='ocrx_word' id='word_1_142' title='bbox 1110 2278 1257 2364; x_wconf 74' lang='lat' dir='ltr'><strong>pluribus</strong></span> <span class='ocrx_word' id='word_1_143' title='bbox 1277 2279 1343 2344; x_wconf 80' lang='lat' dir='ltr'><strong>ali&#39;a</strong></span> 
     </span>
     <span class='ocr_line' id='line_1_18' title="bbox 126 2392 1342 2484; baseline 0.004 -26"><span class='ocrx_word' id='word_1_144' title='bbox 126 2410 159 2459; x_wconf 84' lang='lat' dir='ltr'><strong>ct</strong></span> <span class='ocrx_word' id='word_1_145' title='bbox 189 2392 420 2474; x_wconf 52' lang='lat' dir='ltr'><strong>Arabriadum</strong></span> <span class='ocrx_word' id='word_1_146' title='bbox 459 2412 491 2463; x_wconf 91' lang='lat' dir='ltr'><strong>et</strong></span> <span class='ocrx_word' id='word_1_147' title='bbox 520 2397 718 2483; x_wconf 83' lang='lat' dir='ltr'><strong>reliquorum</strong></span> <span class='ocrx_word' id='word_1_148' title='bbox 747 2407 915 2483; x_wconf 63' lang='lat' dir='ltr'><strong>poetarum</strong></span> <span class='ocrx_word' id='word_1_149' title='bbox 942 2395 1154 2475; x_wconf 70' lang='lat' dir='ltr'><strong>Arabicarum</strong></span> <span class='ocrx_word' id='word_1_150' title='bbox 1184 2396 1342 2484; x_wconf 72' lang='lat' dir='ltr'><strong>allegoriis</strong></span> 
     </span>
    </p>
   </div>
   <div class='ocr_carea' id='block_1_6' title="bbox 11 2512 1362 2603">
    <p class='ocr_par' dir='ltr' id='par_1_6' title="bbox 11 2512 1362 2603">
     <span class='ocr_line' id='line_1_19' title="bbox 11 2512 1362 2603; baseline 0.003 -26"><span class='ocrx_word' id='word_1_151' title='bbox 11 2572 14 2577; x_wconf 90' lang='lat'>.</span> <span class='ocrx_word' id='word_1_152' title='bbox 69 2569 76 2584; x_wconf 71' lang='grc'><strong>,</strong></span> <span class='ocrx_word' id='word_1_153' title='bbox 125 2512 345 2592; x_wconf 79' lang='lat' dir='ltr'><strong>atatuendum,</strong></span> <span class='ocrx_word' id='word_1_154' title='bbox 366 2537 497 2599; x_wconf 83' lang='lat' dir='ltr'><strong>quarum</strong></span> <span class='ocrx_word' id='word_1_155' title='bbox 519 2514 650 2603; x_wconf 82' lang='lat' dir='ltr'><strong>longum</strong></span> <span class='ocrx_word' id='word_1_156' title='bbox 672 2529 759 2580; x_wconf 81' lang='lat' dir='ltr'><strong>earet</strong></span> <span class='ocrx_word' id='word_1_157' title='bbox 779 2513 929 2600; x_wconf 84' lang='lat' dir='ltr'><strong>exempla</strong></span> <span class='ocrx_word' id='word_1_158' title='bbox 949 2517 984 2580; x_wconf 87' lang='lat' dir='ltr'><strong>iu</strong></span> <span class='ocrx_word' id='word_1_159' title='bbox 1004 2516 1144 2581; x_wconf 87' lang='lat' dir='ltr'><strong>medium</strong></span> <span class='ocrx_word' id='word_1_160' title='bbox 1165 2516 1319 2600; x_wconf 74' lang='lat' dir='ltr'><strong>proferre.</strong></span> <span class='ocrx_word' id='word_1_161' title='bbox 1358 2554 1362 2562; x_wconf 93' lang='lat'>·</span> 
     </span>
    </p>
   </div>
   <div class='ocr_carea' id='block_1_7' title="bbox 630 2714 800 2798">
    <p class='ocr_par' dir='ltr' id='par_1_7' title="bbox 630 2714 800 2798">
     <span class='ocr_line' id='line_1_20' title="bbox 630 2714 800 2798; baseline -0.006 -13"><span class='ocrx_word' id='word_1_162' title='bbox 630 2776 636 2785; x_wconf 85' lang='lat'>.</span> <span class='ocrx_word' id='word_1_163' title='bbox 668 2723 698 2798; x_wconf 65' lang='grc' dir='ltr'><strong>ς.</strong></span> <span class='ocrx_word' id='word_1_164' title='bbox 730 2714 800 2784; x_wconf 86' lang='lat' dir='ltr'><strong>cll.</strong></span> 
     </span>
    </p>
   </div>
   <div class='ocr_carea' id='block_1_8' title="bbox 122 2842 1350 4241">
    <p class='ocr_par' dir='ltr' id='par_1_8' title="bbox 122 2842 1350 4241">
     <span class='ocr_line' id='line_1_21' title="bbox 169 2842 1340 2940; baseline 0.003 -23"><span class='ocrx_word' id='word_1_165' title='bbox 169 2842 173 2847; x_wconf 47' lang='grc'><strong>”</strong></span> <span class='ocrx_word' id='word_1_166' title='bbox 209 2851 384 2938; x_wconf 78' lang='lat' dir='ltr'><strong>Superest,</strong></span> <span class='ocrx_word' id='word_1_167' title='bbox 418 2864 452 2915; x_wconf 90' lang='lat' dir='ltr'><strong>at</strong></span> <span class='ocrx_word' id='word_1_168' title='bbox 480 2852 521 2915; x_wconf 92' lang='lat' dir='ltr'><strong>de</strong></span> <span class='ocrx_word' id='word_1_169' title='bbox 548 2859 693 2937; x_wconf 67' lang='lat' dir='ltr'><strong>mysticis</strong></span> <span class='ocrx_word' id='word_1_170' title='bbox 724 2861 893 2938; x_wconf 79' lang='lat' dir='ltr'><strong>potituram</strong></span> <span class='ocrx_word' id='word_1_171' title='bbox 922 2849 1135 2917; x_wconf 73' lang='lat' dir='ltr'><strong>Arabicarum</strong></span> <span class='ocrx_word' id='word_1_172' title='bbox 1173 2855 1340 2940; x_wconf 76' lang='lat' dir='ltr'><strong>allegorici</strong></span> 
     </span>
     <span class='ocr_line' id='line_1_22' title="bbox 122 2947 1340 3058; baseline 0.002 -24"><span class='ocrx_word' id='word_1_173' title='bbox 122 2993 226 3058; x_wconf 81' lang='lat' dir='ltr'><strong>pauca</strong></span> <span class='ocrx_word' id='word_1_174' title='bbox 255 2970 412 3056; x_wconf 87' lang='lat' dir='ltr'><strong>quaedam</strong></span> <span class='ocrx_word' id='word_1_175' title='bbox 440 2970 606 3036; x_wconf 85' lang='lat' dir='ltr'><strong>addamus.</strong></span> <span class='ocrx_word' id='word_1_176' title='bbox 665 2970 848 3037; x_wconf 83' lang='lat' dir='ltr'><strong>Occurrunt</strong></span> <span class='ocrx_word' id='word_1_177' title='bbox 878 2992 992 3055; x_wconf 80' lang='lat' dir='ltr'><strong>nempe</strong></span> <span class='ocrx_word' id='word_1_178' title='bbox 1022 2973 1055 3034; x_wconf 92' lang='lat' dir='ltr'><strong>in</strong></span> <span class='ocrx_word' id='word_1_179' title='bbox 1083 2947 1228 3035; x_wconf 85' lang='lat' dir='ltr'><strong>Arabum</strong></span> <span class='ocrx_word' id='word_1_180' title='bbox 1258 2973 1340 3058; x_wconf 73' lang='lat' dir='ltr'><strong>poeti</strong></span> 
     </span>
     <span class='ocr_line' id='line_1_23' title="bbox 125 3067 1342 3182; baseline 0.001 -28"><span class='ocrx_word' id='word_1_181' title='bbox 125 3091 267 3154; x_wconf 81' lang='lat' dir='ltr'><strong>carmina</strong></span> <span class='ocrx_word' id='word_1_182' title='bbox 289 3087 373 3152; x_wconf 81' lang='lat' dir='ltr'><strong>baud</strong></span> <span class='ocrx_word' id='word_1_183' title='bbox 397 3109 518 3173; x_wconf 87' lang='lat' dir='ltr'><strong>pauca,</strong></span> <span class='ocrx_word' id='word_1_184' title='bbox 542 3089 676 3173; x_wconf 82' lang='lat' dir='ltr'><strong>quibua,</strong></span> <span class='ocrx_word' id='word_1_185' title='bbox 699 3094 760 3158; x_wconf 80' lang='lat' dir='ltr'><strong>otei</strong></span> <span class='ocrx_word' id='word_1_186' title='bbox 782 3092 910 3157; x_wconf 79' lang='lat' dir='ltr'><strong>neaniai</strong></span> <span class='ocrx_word' id='word_1_187' title='bbox 933 3092 1001 3154; x_wconf 79' lang='lat' dir='ltr'><strong>uini</strong></span> <span class='ocrx_word' id='word_1_188' title='bbox 1019 3067 1201 3174; x_wconf 73' lang='lat' dir='ltr'><strong>amarisque</strong></span> <span class='ocrx_word' id='word_1_189' title='bbox 1217 3090 1342 3182; x_wconf 78' lang='lat' dir='ltr'><strong>humari</strong></span> 
     </span>
     <span class='ocr_line' id='line_1_24' title="bbox 125 3202 1340 3292; baseline 0 -22"><span class='ocrx_word' id='word_1_190' title='bbox 125 3206 258 3271; x_wconf 86' lang='lat' dir='ltr'><strong>deliciae</strong></span> <span class='ocrx_word' id='word_1_191' title='bbox 294 3202 458 3269; x_wconf 87' lang='lat' dir='ltr'><strong>celebrare</strong></span> <span class='ocrx_word' id='word_1_192' title='bbox 488 3207 678 3284; x_wconf 84' lang='lat' dir='ltr'><strong>videantur,</strong></span> <span class='ocrx_word' id='word_1_193' title='bbox 714 3211 902 3292; x_wconf 74' lang='lat' dir='ltr'><strong>interpretes</strong></span> <span class='ocrx_word' id='word_1_194' title='bbox 931 3207 1063 3272; x_wconf 85' lang='lat' dir='ltr'><strong>Arabici</strong></span> <span class='ocrx_word' id='word_1_195' title='bbox 1101 3209 1340 3288; x_wconf 81' lang='lat' dir='ltr'><strong>reconditioreor</strong></span> 
     </span>
     <span class='ocr_line' id='line_1_25' title="bbox 125 3312 1342 3417; baseline -0.001 -28"><span class='ocrx_word' id='word_1_196' title='bbox 125 3322 263 3407; x_wconf 83' lang='lat' dir='ltr'><strong>aliquem</strong></span> <span class='ocrx_word' id='word_1_197' title='bbox 286 3322 430 3387; x_wconf 90' lang='lat' dir='ltr'><strong>tribuunt</strong></span> <span class='ocrx_word' id='word_1_198' title='bbox 451 3345 603 3401; x_wconf 78' lang='lat' dir='ltr'><strong>aearum,</strong></span> <span class='ocrx_word' id='word_1_199' title='bbox 623 3327 900 3411; x_wconf 77' lang='lat' dir='ltr'><strong>contendantque,</strong></span> <span class='ocrx_word' id='word_1_200' title='bbox 922 3329 989 3390; x_wconf 85' lang='lat' dir='ltr'><strong>vini</strong></span> <span class='ocrx_word' id='word_1_201' title='bbox 1010 3328 1194 3417; x_wconf 83' lang='lat' dir='ltr'><strong>arrrarisqou</strong></span> <span class='ocrx_word' id='word_1_202' title='bbox 1216 3312 1342 3391; x_wconf 80' lang='lat' dir='ltr'><strong>humaui</strong></span> 
     </span>
     <span class='ocr_line' id='line_1_26' title="bbox 124 3440 1341 3532; baseline 0.001 -27"><span class='ocrx_word' id='word_1_203' title='bbox 124 3442 266 3526; x_wconf 82' lang='lat' dir='ltr'><strong>imagine</strong></span> <span class='ocrx_word' id='word_1_204' title='bbox 290 3440 390 3504; x_wconf 85' lang='lat' dir='ltr'><strong>divini</strong></span> <span class='ocrx_word' id='word_1_205' title='bbox 413 3445 534 3508; x_wconf 83' lang='lat' dir='ltr'><strong>amaria</strong></span> <span class='ocrx_word' id='word_1_206' title='bbox 556 3440 748 3529; x_wconf 82' lang='lat' dir='ltr'><strong>volrrptatem</strong></span> <span class='ocrx_word' id='word_1_207' title='bbox 770 3443 919 3532; x_wconf 76' lang='lat' dir='ltr'><strong>deepribi.</strong></span> <span class='ocrx_word' id='word_1_208' title='bbox 958 3441 1172 3506; x_wconf 85' lang='lat' dir='ltr'><strong>Arabicarum</strong></span> <span class='ocrx_word' id='word_1_209' title='bbox 1194 3446 1341 3530; x_wconf 82' lang='lat' dir='ltr'><strong>interpre-</strong></span> 
     </span>
     <span class='ocr_line' id='line_1_27' title="bbox 124 3558 1341 3642; baseline 0.002 -18"><span class='ocrx_word' id='word_1_210' title='bbox 124 3574 191 3624; x_wconf 88' lang='lat' dir='ltr'><strong>tum</strong></span> <span class='ocrx_word' id='word_1_211' title='bbox 215 3560 405 3623; x_wconf 86' lang='lat' dir='ltr'><strong>aactoritate</strong></span> <span class='ocrx_word' id='word_1_212' title='bbox 422 3560 543 3622; x_wconf 88' lang='lat' dir='ltr'><strong>inducti</strong></span> <span class='ocrx_word' id='word_1_213' title='bbox 566 3577 598 3625; x_wconf 92' lang='lat' dir='ltr'><strong>et</strong></span> <span class='ocrx_word' id='word_1_214' title='bbox 620 3567 832 3631; x_wconf 86' lang='lat' dir='ltr'><strong>recentiorum</strong></span> <span class='ocrx_word' id='word_1_215' title='bbox 855 3558 1000 3626; x_wconf 81' lang='lat' dir='ltr'><strong>nonnulii</strong></span> <span class='ocrx_word' id='word_1_216' title='bbox 1016 3562 1149 3642; x_wconf 76' lang='lat' dir='ltr'><strong>mystica</strong></span> <span class='ocrx_word' id='word_1_217' title='bbox 1170 3559 1229 3625; x_wconf 76' lang='lat' dir='ltr'><strong>itta</strong></span> <span class='ocrx_word' id='word_1_218' title='bbox 1251 3569 1341 3628; x_wconf 88' lang='lat' dir='ltr'><strong>iuter·</strong></span> 
     </span>
     <span class='ocr_line' id='line_1_28' title="bbox 124 3677 1342 3763; baseline 0.002 -22"><span class='ocrx_word' id='word_1_219' title='bbox 124 3680 303 3762; x_wconf 87' lang='lat' dir='ltr'><strong>pretatione</strong></span> <span class='ocrx_word' id='word_1_220' title='bbox 332 3697 372 3739; x_wconf 86' lang='lat' dir='ltr'><strong>ea</strong></span> <span class='ocrx_word' id='word_1_221' title='bbox 401 3681 504 3762; x_wconf 77' lang='lat' dir='ltr'><strong>magia</strong></span> <span class='ocrx_word' id='word_1_222' title='bbox 534 3677 682 3743; x_wconf 83' lang='lat' dir='ltr'><strong>delectati</strong></span> <span class='ocrx_word' id='word_1_223' title='bbox 711 3693 804 3757; x_wconf 77' lang='lat' dir='ltr'><strong>suat,</strong></span> <span class='ocrx_word' id='word_1_224' title='bbox 838 3699 900 3763; x_wconf 92' lang='lat' dir='ltr'><strong>quo</strong></span> <span class='ocrx_word' id='word_1_225' title='bbox 934 3677 1099 3756; x_wconf 76' lang='lat' dir='ltr'><strong>liberior,¹</strong></span> <span class='ocrx_word' id='word_1_226' title='bbox 1125 3681 1165 3741; x_wconf 76' lang='lat' dir='ltr'><strong>ea</strong></span> <span class='ocrx_word' id='word_1_227' title='bbox 1194 3681 1342 3757; x_wconf 77' lang='lat' dir='ltr'><strong>admisci,</strong></span> 
     </span>
     <span class='ocr_line' id='line_1_29' title="bbox 124 3793 1343 3883; baseline 0.006 -25"><span class='ocrx_word' id='word_1_228' title='bbox 124 3795 323 3878; x_wconf 76' lang='lat' dir='ltr'><strong>imaginandi</strong></span> <span class='ocrx_word' id='word_1_229' title='bbox 346 3797 394 3859; x_wconf 83' lang='lat' dir='ltr'><strong>via</strong></span> <span class='ocrx_word' id='word_1_230' title='bbox 414 3799 591 3879; x_wconf 82' lang='lat' dir='ltr'><strong>exspatiari</strong></span> <span class='ocrx_word' id='word_1_231' title='bbox 612 3811 726 3880; x_wconf 82' lang='lat' dir='ltr'><strong>pateat.</strong></span> <span class='ocrx_word' id='word_1_232' title='bbox 763 3793 876 3860; x_wconf 78' lang='lat' dir='ltr'><strong>Solent</strong></span> <span class='ocrx_word' id='word_1_233' title='bbox 891 3811 994 3861; x_wconf 90' lang='lat' dir='ltr'><strong>autem</strong></span> <span class='ocrx_word' id='word_1_234' title='bbox 1012 3794 1099 3860; x_wconf 88' lang='lat' dir='ltr'><strong>illam</strong></span> <span class='ocrx_word' id='word_1_235' title='bbox 1117 3798 1343 3883; x_wconf 84' lang='lat' dir='ltr'><strong>interpretandi</strong></span> 
     </span>
     <span class='ocr_line' id='line_1_30' title="bbox 124 3911 1343 4000; baseline 0.004 -23"><span class='ocrx_word' id='word_1_236' title='bbox 124 3913 281 3977; x_wconf 83' lang='lat' dir='ltr'><strong>rationem</strong></span> <span class='ocrx_word' id='word_1_237' title='bbox 304 3914 336 3975; x_wconf 92' lang='lat' dir='ltr'><strong>in</strong></span> <span class='ocrx_word' id='word_1_238' title='bbox 359 3911 445 3976; x_wconf 89' lang='lat' dir='ltr'><strong>bunc</strong></span> <span class='ocrx_word' id='word_1_239' title='bbox 466 3914 535 3977; x_wconf 84' lang='lat' dir='ltr'><strong>fere</strong></span> <span class='ocrx_word' id='word_1_240' title='bbox 557 3915 686 3977; x_wconf 91' lang='lat' dir='ltr'><strong>modum</strong></span> <span class='ocrx_word' id='word_1_241' title='bbox 710 3917 950 3979; x_wconf 79' lang='lat' dir='ltr'><strong>cummendare:</strong></span> <span class='ocrx_word' id='word_1_242' title='bbox 978 3918 1104 3979; x_wconf 84' lang='lat' dir='ltr'><strong>animur</strong></span> <span class='ocrx_word' id='word_1_243' title='bbox 1132 3919 1205 4000; x_wconf 81' lang='lat' dir='ltr'><strong>pius</strong></span> <span class='ocrx_word' id='word_1_244' title='bbox 1234 3920 1343 3983; x_wconf 81' lang='lat' dir='ltr'><strong>eadere</strong></span> 
     </span>
     <span class='ocr_line' id='line_1_31' title="bbox 124 4029 1343 4118; baseline 0.006 -24"><span class='ocrx_word' id='word_1_245' title='bbox 124 4033 158 4095; x_wconf 89' lang='lat' dir='ltr'><strong>iu</strong></span> <span class='ocrx_word' id='word_1_246' title='bbox 181 4029 286 4094; x_wconf 75' lang='grc' dir='ltr'>ὓουιιι</span> <span class='ocrx_word' id='word_1_247' title='bbox 313 4051 424 4095; x_wconf 74' lang='lat' dir='ltr'><strong>arnor·</strong></span> <span class='ocrx_word' id='word_1_248' title='bbox 452 4035 649 4109; x_wconf 84' lang='lat' dir='ltr'><strong>concitator,</strong></span> <span class='ocrx_word' id='word_1_249' title='bbox 677 4055 741 4118; x_wconf 89' lang='lat' dir='ltr'><strong>qua</strong></span> <span class='ocrx_word' id='word_1_250' title='bbox 766 4035 898 4116; x_wconf 73' lang='lat' dir='ltr'><strong>juvenis</strong></span> <span class='ocrx_word' id='word_1_251' title='bbox 927 4034 1043 4097; x_wconf 83' lang='lat' dir='ltr'><strong>ardeae</strong></span> <span class='ocrx_word' id='word_1_252' title='bbox 1069 4035 1104 4095; x_wconf 91' lang='lat' dir='ltr'><strong>iu</strong></span> <span class='ocrx_word' id='word_1_253' title='bbox 1133 4034 1275 4118; x_wconf 76' lang='lat' dir='ltr'><strong>pucilam</strong></span> <span class='ocrx_word' id='word_1_254' title='bbox 1298 4037 1343 4100; x_wconf 89' lang='lat' dir='ltr'><strong>di·</strong></span> 
     </span>
     <span class='ocr_line' id='line_1_32' title="bbox 125 4145 1350 4241; baseline 0.004 -29"><span class='ocrx_word' id='word_1_255' title='bbox 125 4145 263 4224; x_wconf 65' lang='lat' dir='ltr'><strong>lectam</strong></span> <span class='ocrx_word' id='word_1_256' title='bbox 291 4149 435 4231; x_wconf 86' lang='lat' dir='ltr'><strong>quinimo</strong></span> <span class='ocrx_word' id='word_1_257' title='bbox 463 4151 591 4214; x_wconf 80' lang='lat' dir='ltr'><strong>divinar</strong></span> <span class='ocrx_word' id='word_1_258' title='bbox 611 4148 668 4215; x_wconf 86' lang='lat' dir='ltr'><strong>iile</strong></span> <span class='ocrx_word' id='word_1_259' title='bbox 690 4172 781 4216; x_wconf 87' lang='lat' dir='ltr'><strong>amar</strong></span> <span class='ocrx_word' id='word_1_260' title='bbox 802 4173 842 4217; x_wconf 90' lang='lat' dir='ltr'><strong>ea</strong></span> <span class='ocrx_word' id='word_1_261' title='bbox 866 4153 1028 4225; x_wconf 86' lang='lat' dir='ltr'><strong>incitatior</strong></span> <span class='ocrx_word' id='word_1_262' title='bbox 1050 4171 1122 4217; x_wconf 83' lang='lat' dir='ltr'><strong>eaeo</strong></span> <span class='ocrx_word' id='word_1_263' title='bbox 1144 4154 1258 4230; x_wconf 84' lang='lat' dir='ltr'><strong>debet,</strong></span> <span class='ocrx_word' id='word_1_264' title='bbox 1285 4173 1350 4241; x_wconf 85' lang='lat' dir='ltr'><strong>quo·</strong></span> 
     </span>
    </p>
   </div>
   <div class='ocr_carea' id='block_1_9' title="bbox 0 0 1444 4950">
    <p class='ocr_par' dir='ltr' id='par_1_9' title="bbox 0 0 1444 4950">
     <span class='ocr_line' id='line_1_33' title="bbox 0 0 1444 4950; baseline 0 0"><span class='ocrx_word' id='word_1_265' title='bbox 0 0 1444 4950; x_wconf 95' lang='lat' dir='ltr'><strong> </strong></span> 
     </span>
    </p>
   </div>
  </div>
 </body>
</html>
