2904 4942
118 308 179 371 108
573 308 645 367 Poro
665 307 725 367 111.
770 309 841 386 Cup.
859 309 884 367 1.
926 346 939 355 A·

109 475 199 559 plico·
224 494 358 558 nempe,
390 471 522 538 sublime·
555 485 650 557 atquo
676 471 834 557 figurato
868 473 1036 537 contineri.
1088 430 1213 537 'l'ribus
1248 471 1334 538 hisee

114 604 259 679 quartum
289 592 407 669 addas,
446 589 598 655 Lorctlta'o
628 598 861 695 sententiosum
897 588 1109 676 appellatum,
1149 591 1236 677 quod
1267 612 1337 655 cum

1 776 3 784 ,
113 710 249 793 simplici
266 711 581 792 conjunctissimum
599 722 664 787 est,
683 704 759 773 ¹imo
788 731 830 774 ex
855 707 913 773 illo
945 710 1102 795 originem
1126 707 1238 772 trabit.
1288 706 1335 771 Ile

113 829 227 913 quovis
248 827 375 892 dicendi
398 847 516 911 genere
536 823 702 911 sigillatim
725 827 896 911 agendum.

643 1035 672 1112 ἦ.
697 1030 808 1097 LXV.

198 1180 404 1268 Simplicitas
427 1183 599 1259 orationis,
625 1184 695 1246 sive
717 1181 858 1261 solutae,
878 1184 950 1255 sive
971 1180 1111 1269 ligatae,
1141 1183 1284 1266 primum
1303 1184 1333 1246 in

112 1304 266 1369 materiae
288 1301 472 1365 tractandae
493 1299 727 1383 dispositione,
751 1300 867 1363 deiude
888 1301 929 1364 in'
945 1303 1093 1385 ejusdem
1113 1307 1334 1386 expositione,

112 1421 181 1486 sive
213 1418 401 1483 tractatione
427 1418 633 1501 conspicitur.
686 1415 872 1502 Simplicom
905 1422 1061 1484 materiae
1090 1421 1334 1504 dispositionem

111 1558 184 1602 eam
207 1538 347 1613 dixeris,
375 1555 456 1621 qnae
478 1536 606 1599 nonnisi
628 1555 686 1612 ea,
717 1556 798 1621 quae
821 1538 863 1602 od
884 1558 952 1601 rem
976 1539 1160 1622 pertinent,
1190 1539 1334 1615 admittit,

110 1653 263 1741 facilique
293 1654 406 1752 ordino
435 1651 618 1734 distribuit,
654 1656 770 1738 spretis
799 1656 860 1734 iis,
900 1677 980 1741 quae
1016 1659 1122 1722 minus
1152 1659 1335 1721 necessario

110 1775 278 1853 videntur,
321 1786 376 1837 aut
403 1771 518 1859 quibus
546 1773 702 1837 orationis
738 1793 842 1837 noxus
872 1772 997 1838 turbari
1032 1776 1149 1860 possit3
1185 1773 1336 1840 similiter

108 1890 287 1977 simplicem
300 1892 462 1964 ¹materiae
484 1892 706 1954 tractationem
728 1910 799 1953 eam
822 1893 1006 1970 existimes,
1029 1914 1110 1978 quae
1132 1893 1288 1957 omnibns
1309 1906 1338 1957 et

110 2012 339 2096 cogitationum
369 2020 401 2070 et
429 2005 600 2071 verborum
635 2007 824 2092 ambagibus
854 2007 1013 2086 abstinet,
1053 2031 1206 2096 remque,
1244 2013 1338 2083 sicuti

109 2141 176 2204 est,
205 2126 299 2211 plane
328 2139 422 2211 etque
443 2125 613 2209 perspicue
635 2126 779 2208 exponit.
823 2124 861 2189 In
881 2125 1103 2192 Hebraeorum
1127 2129 1335 2206 carminibus,

109 2245 180 2310 sive
201 2246 354 2308 materiae
378 2243 637 2325 dispositionem,
664 2244 734 2305 sive
763 2245 984 2309 tractationem
1014 2250 1185 2331 respicias,
1212 2246 1335 2332 simpli·

110 2363 270 2427 cissimam
293 2375 460 2443 utramque
482 2362 639 2423 invenies.
679 2359 871 2446 Exemplum
893 2361 1123 2447 simplicissimi
1145 2380 1178 2429 et
1200 2363 1336 2452 elegun-

108 2479 226 2543 tissimi
247 2481 398 2542 carminis
418 2475 550 2542 exhibet
571 2475 715 2562 psalmus
737 2474 852 2543 CXIV
860 2520 875 2557 ,-
899 2482 933 2543 in
963 2503 1024 2568 quo
1047 2483 1155 2568 populi
1176 2484 1336 2550 Hebraici

109 2616 151 2661 ex
172 2595 320 2682 Aegypto
342 2617 509 2682 egressus,
532 2597 612 2660 duce
634 2595 734 2672 Jovti,
757 2599 791 2659 in
813 2595 898 2661 hunc
922 2577 1051 2665 modum
1080 2602 1294 2667 describitur:

556 2724 692 2785 omnum
717 2715 829 2786 taso*
852 2733 947 2783 nasa

599 2835 670 2903 troi
695 2848 758 2900 nro
783 2849 863 2920 spos
884 2852 943 2903 ro:

617 2955 720 3037 turpi
742 2967 843 3022 nrum
860 2967 948 3022 rrum

629 3074 817 3140 aaronem
840 3075 949 3143 tosus

717 3203 778 3259 oro
793 3205 867 3263 uun
888 3167 948 3259 um

618 3310 742 3378 estuat
768 3323 827 3375 :ur
849 3323 949 3397 prum

530 3456 537 3469 .
584 3427 703 3498 ortuo
727 3445 812 3512 usp-t
837 3438 947 3496 utnon
1048 3421 1051 3425 ’
1167 3412 1170 3417 ’

650 3560 736 3638 :pus
755 3561 826 3612 trs:
850 3560 947 3615 norm

592 3677 667 3730 otuu
689 3680 722 3728 o
748 3678 810 3730 nm
832 3665 872 3751 *pb
895 3678 943 3731 rto

604 3785 729 3851 tumui
752 3795 820 3849 run
845 3797 943 3866 mum

565 3899 681 3966 ustum
706 3919 815 3986 usp-m
838 3915 946 3971 trs-tun

645 4032 725 4106 apuu
750 4033 821 4084 aas:
844 4033 942 4088 nrum

443 4194 447 4199 .
564 4145 638 4219 pus
660 4138 734 4206 *bun
757 4155 830 4222 rus
852 4138 944 4210 nubo
