2904 4942
548 297 552 305 ι
584 330 772 410 donparatto.
1232 334 1296 397 otu

73 501 226 578 haereas,
251 512 357 563 utrum
379 496 509 584 linguae
525 497 686 562 Arabicae
707 501 879 564 immensas
899 502 1046 579 divitias,
1071 521 1111 563 au
1130 514 1294 566 auctorem

72 617 201 683 illorum
229 615 399 681 artificium
429 619 533 702 magis
566 619 702 681 mireris.
761 615 874 703 Neque
899 631 1006 682 tamen
1034 620 1295 703 existimandum,

71 733 291 821 frequentibus
306 731 372 796 illis
394 736 628 819 paronomasila
645 734 878 821 verborumque
900 733 1025 801 loribus
1044 738 1198 801 orationis
1220 726 1311 821 pod-¹

71 857 154 917 ticae
177 854 363 938 dignitatem
389 873 515 938 semper
545 855 673 940 augeri3
711 867 822 917 contra
855 854 957 917 nimio
983 850 1094 916 talium
1124 874 1295 919 oruamen-

71 985 177 1036 torum
199 970 304 1033 studio
321 991 414 1055 quam
430 974 617 1056 saepissime
641 972 681 1037 ad
700 972 839 1055 ineptias
854 968 1045 1036 delabuntur
1066 979 1197 1055 potitae,
1220 992 1294 1035 ora·

71 1092 254 1174 tionemque
276 1086 465 1154 adfectatam
487 1103 726 1176 contentamque
748 1089 896 1153 reddunt.
940 1087 1069 1171 Quare,
1091 1085 1166 1153 licet
1186 1090 1219 1153 iu
1242 1087 1294 1154 his

70 1205 293 1293 similibusque
322 1206 419 1273 rebus
448 1216 613 1294 poetarum
639 1205 853 1273 Arabicorum
881 1205 1071 1289 artificium,
1100 1205 1293 1297 linguaeque

69 1322 229 1389 Arabicae
251 1325 380 1395 divitias
401 1328 574 1405 miremur,
596 1340 703 1391 tamen
718 1323 942 1391 Hebraeorum
960 1334 1077 1411 poe'tas
1092 1346 1293 1413 nequaquam

68 1441 368 1528 reprehendendos,
392 1446 533 1529 quinimo
551 1442 731 1509 laudandos
752 1465 937 1521 censemus,
960 1445 1044 1529 quod
1058 1445 1184 1529 parcius
1198 1464 1293 1529 quam

70 1559 195 1641 Arabas
218 1563 460 1649 paronomasias
487 1561 719 1648 verborumque
748 1559 839 1627 lusus
860 1562 1078 1627 adhibuerint.
1138 1598 1141 1603 ·

554 1769 582 1845 ᾗ.
617 1758 805 1831 cxevnl.

154 1914 250 1994 Quod
271 1929 438 2002 praeterea
460 1919 492 1983 in
515 1918 708 2003 quibusdam
724 1918 947 1989 Hebraeorum
969 1917 1166 1983 carminibus
1184 1918 1289 1983 carui-

68 2048 119 2121 tur
135 2033 324 2113 artificium,
348 2056 461 2123 nempe
478 2038 561 2123 quod
577 2039 773 2123 singuli-ccl
785 2056 914 2115 omres,
936 2035 993 2100 cel
1010 2032 1165 2123 strophae
1179 2034 1290 2101 lilert’t

63 2152 455 2241 prmorroorgalplratert
477 2155 623 2243 ordinent
642 2162 910 2241 repraesentent,
932 2154 966 2217 id
982 2166 1014 2217 et
1028 2149 1170 2229 Arabum
1187 2153 1290 2237 potitis

67 2270 156 2355 haud
178 2274 377 2356 incognitum
398 2270 626 2357 insolitumque
648 2285 707 2337 est.
750 2270 863 2336 Solent
880 2285 986 2335 autem
1003 2269 1290 2341 Arabesmaxime
1381 2262 1391 2277 ’

68 2392 245 2453 sententias
277 2387 513 2475 proverbiales,
552 2411 633 2475 quaa
669 2394 702 2454 in
739 2390 866 2452 diverto
896 2407 1071 2473 parumque
1098 2384 1290 2463 cohaerente

67 2522 256 2592 argumento
286 2520 469 2584 versantur,
497 2508 671 2572 secuudum
700 2505 861 2591 alphabeti
885 2508 1001 2570 seriem
1032 2507 1222 2588 disponere,
1250 2524 1290 2568 eo

67 2626 195 2715 quidem
218 2622 372 2702 coneilio,
398 2638 447 2705 ut,
470 2624 584 2710 quibus
603 2626 685 2689 desit
704 2627 848 2688 internus
868 2645 990 2719 nauus,
1013 2621 1128 2687 saltem
1152 2634 1288 2686 externo
1378 2662 1382 2675 ι

67 2740 205 2831 quodam
236 2739 364 2805 vinculo
397 2742 481 2808 inter
510 2764 546 2806 se
578 2744 825 2828 conjungantur.
869 2740 924 2806 Sic
945 2742 979 2806 iu
1003 2739 1108 2827 amplai
1129 2736 1187 2803 itit
1214 2760 1288 2825 pro-

65 2862 249 2927 verbiorum
263 2856 477 2924 Arabicornm
493 2858 693 2938 collectione,
716 2881 797 2947 quae
807 2858 982 2925 Meidunio
997 2857 1142 2936 dabatur,
1163 2876 1288 2935 omues,

66 2999 149 3066 quaa
172 2978 286 3044 aridem
308 2976 402 3041 literd
427 2978 600 3064 incipiunt,
631 2960 810 3042 sententiae
837 2978 1033 3061 compositae
1055 2988 1088 3039 et
1111 2950 1286 3039 secondum

64 3095 230 3184 alphabeti
259 3099 403 3163 ordinem
432 3097 604 3183 dispositae
636 3095 806 3160 habentur.
862 3094 948 3160 Hinc
975 3093 1113 3160 fortasse
1139 3090 1286 3180 colligas,

64 3230 99 3281 et
118 3215 341 3281 Hebraeorum
365 3223 476 3299 poetas
498 3212 701 3301 alphabetici
722 3211 781 3277 illt
799 3215 975 3299 carminum
998 3213 1196 3301 quorundam
1219 3213 1286 3278 dit·

63 3323 223 3420 positione
247 3332 294 3398 nil
320 3328 406 3398 aliud
437 3320 617 3419 spectasse,
653 3332 717 3397 uisi
747 3346 782 3396 ut
803 3334 1000 3412 sentcntiae,
1030 3351 1162 3418 quarum
1192 3352 1287 3417 argu·

64 3467 205 3519 mentum
231 3473 347 3539 parum
370 3451 576 3529 cohaereret,
608 3448 722 3515 saltem
752 3463 887 3514 externo
915 3448 1023 3535 aliquo
1052 3445 1180 3513 vinculo
1208 3468 1286 3512 con·

62 3584 276 3638 necteremur.
319 3570 444 3638 Verum
473 3572 601 3636 diversa
622 3567 785 3657 eliquanto
806 3568 982 3633 carminum
1005 3563 1133 3631 illorum
1158 3565 1284 3628 videtur

60 3690 156 3771 retica
200 3684 275 3771 Non
297 3691 383 3767 'aoim
406 3690 532 3757 diversi
548 3688 728 3776 argumenti
749 3686 924 3752 sententias
943 3688 1119 3766 continent,
1140 3660 1283 3765 sedeas,

61 3826 143 3893 quae
172 3810 213 3873 ad
235 3782 371 3874 eaodem
399 3829 511 3873 omnes
541 3794 707 3873 materiam
736 3805 934 3879 reieruntor3
966 3802 1081 3889 quibus
1102 3804 1201 3890 igitur
1222 3823 1283 3869 ex·

62 3906 186 3989 ternum
214 3923 295 3991 illud
324 3922 520 4011 alphabetici
548 3923 671 3990 ordinis
705 3923 866 3992 vinculum
900 3920 996 3987 facila
1026 3922 1140 3995 deesse
1156 3923 1282 4008 potuit.

60 4036 183 4109 Contra
203 4046 236 4111 in
258 4041 511 4137 Procerdiorrrm
533 4039 618 4107 libro
640 4054 673 4105 et
694 4043 728 4105 iu
745 4039 950 4107 Ecclesiaste
971 4038 1058 4105 haud
1080 4014 1281 4106 raro'diver·

58 4159 181 4225 sissimi
203 4165 395 4265 'argumenti
430 4162 606 4226 sententias
643 4163 855 4245 compositas,
889 4179 992 4245 nequa
1025 4171 1131 4223 mmen
1166 4157 1279 4222 ordina
