2904 4942
592 268 726 348 Pa‘rs'tt.
771 289 840 365 Gap.
863 289 902 347 11.
1121 314 1124 319 ·
1194 260 1197 265 Ι

680 457 710 531 ἱ.
739 452 813 520 LV.

112 564 116 576 „
218 589 439 682 Praeterea,
472 607 554 674 quae
576 564 635 675 pro
659 589 839 674 argumenti
862 586 1047 650 diversitate
1067 570 1196 652 Arabes
1217 600 1363 656 metuunt

134 709 309 773 carminum
331 727 470 791 genera,
493 705 651 795 habentor
675 721 707 773 et
726 704 812 784 alia,
842 725 924 791 quac
943 715 975 768 ot
995 716 1218 789 argumentum
1242 719 1276 771 et
1297 706 1363 773 lor·

114 810 217 892 ‘mem
239 813 337 892 simul
359 839 503 908 spectare
526 826 692 906 videntur3
719 821 890 909 inquibus
913 822 1049 889 Katide
1071 837 1104 886 ct
1129 820 1273 889 liberal.
1312 824 1361 891 De

132 943 289 1010 Kotidue
310 943 440 1005 nornine
469 956 501 1005 et
529 940 639 1007 indole
661 945 695 1006 in
718 944 861 1008 diverses
890 955 996 1026 partes
1025 943 1166 1005 virorum
1193 943 1359 1009 doctorum

112 1062 311 1127 ‘sententiae
335 1058 464 1123 abeunt.
518 1057 712 1127 Sedit-azius
740 1064 774 1124 io
796 1057 929 1125 scholiis
949 1060 990 1123 ad
1012 1058 1154 1125 Hordiis·
1173 1079 1358 1159 consessum

134 1193 245 1260 xntn
276 1195 316 1258 u
346 1192 472 1259 nastes
501 1194 581 1259 naec
611 1198 725 1261 oscor:
766 1179 887 1265 usitat
910 1207 1007 1279 aas,
1035 1197 1145 1292 ,suot
1170 1176 1225 1297 gu
1252 1207 1359 1281 cmm

131 1348 220 1448 tw
247 1377 297 1449 ert
323 1349 409 1446 lire?-
433 1379 487 1448 0²
515 1347 647 1439 Q>
675 1327 886 1445 [Mt-15³¹>
914 1344 1003 1436 lpus
1035 1353 1090 1438 df·
1121 1346 1224 1475 ᾧ
1254 1348 1358 1440 dletr

35 1490 39 1505 ’
131 1499 151 1560 i.
174 1518 203 1560 e.
226 1497 374 1576 „dicitur
397 1497 550 1576 Kotidu,
585 1500 668 1587 qood
690 1507 784 1584 potita
806 1501 877 1582 ejus
900 1498 1161 1582 compositionem
1191 1497 1257 1563 sibi
1288 1523 1359 1585 pro·

132 1630 247 1701 ponet,
268 1629 300 1678 et
315 1598 444 1679 adeam
464 1616 663 1680 condendam
681 1619 821 1680 animum
838 1617 1001 1692 intendet,
1025 1629 1056 1678 et
1071 1586 1240 1702 abrumpat
1257 1621 1357 1711 quasi,

130 1757 188 1800 seo
220 1734 387 1799 abscindat
416 1732 504 1798 illam
532 1733 575 1798 ab
597 1734 670 1799 aliis
692 1737 848 1800 orationis
870 1732 1073 1820 generibos“
1098 1735 1161 1816 ⁷⁹).
1215 1732 1254 1798 ln
1278 1734 1358 1803 hane

129 1856 320 1917 sententiam
350 1867 381 1916 et
402 1851 544 1918 Arabum
571 1866 603 1916 et
628 1843 818 1928 nostratium
841 1875 935 1940 qoam
960 1850 1089 1938 plurimi
1117 1852 1356 1947 descenderunt.

131 1971 195 2035 Sed
221 1994 334 2034 vereor
355 1993 418 2048 ne,
438 1974 578 2036 admisse
602 1969 660 2033 illd
681 1973 964 2056 interpretatione,
989 1950 1095 2033 nmtlie
1117 1972 1149 2032 in
1172 1973 1358 2035 universum

108 2092 272 2154 ucarmina
294 2089 448 2152 Kucidoe
470 2092 531 2154 dici
555 2092 690 2174 possint.
744 2089 872 2153 Etenim
902 2089 973 2174 quis
1002 2110 1065 2152 non
1089 2075 1193 2168 videt,
1229 2097 1359 2172 poe'tem

107 2209 348 2291 ,cujuscunque
371 2208 521 2286 carminis
546 2208 807 2291 compositionem
831 2208 893 2271 sibi
917 2228 1114 2292 proponere,
1148 2206 1189 2269 ed
1218 2206 1361 2272 conden-

131 2325 207 2388 dum
230 2344 357 2387 carmen
380 2327 520 2388 animum
544 2327 728 2404 intendere,
759 2323 901 2411 illudque
926 2323 965 2388 ab
988 2323 1061 2388 aliis
1085 2327 1238 2388 cretionis
1261 2346 1360 2411 gene-

128 2441 219 2506 ribus
249 2439 447 2506 abscindere.
501 2441 562 2506 Alii
584 2444 634 2528 ⁸⁰)
658 2445 823 2510 Kotidunt
845 2445 919 2507 inde
944 2440 1135 2528 appellatam
1160 2445 1359 2522 existimant,

131 2560 215 2645 quod
232 2558 383 2638 verbum,
408 2582 470 2646 quo
489 2571 602 2645 poetae
625 2562 785 2643 indicant,
806 2564 895 2626 seed
916 2562 1046 2625 heroem
1068 2563 1102 2625 in
1119 2562 1254 2625 Kaetdo
1277 2559 1362 2631 celc-

108 2680 289 2743 brendam
313 2700 503 2763 properare,
530 2680 691 2772 proprium
713 2682 755 2742 sit
777 2691 872 2772 &3
902 2678 958 2743 elii
981 2680 1157 2765 deniquae
1181 2683 1360 2744 carminum

130 2794 371 2900 pengendorum
394 2796 651 2901 significatione,
683 2835 776 2900 qnam
801 2814 934 2880 verbum
963 2829 1040 2887 ,mi
1065 2816 1218 2895 admittit,
1250 2794 1360 2881 Koti-

132 2951 205 3014 dum
228 2953 378 3035 proxime
400 2972 528 3015 carmen
551 2953 780 3039 quodcunque,
812 2951 928 3015 deinde
951 2972 1077 3015 carmen
1099 2948 1240 3022 limatius
1262 2970 1357 3014 orne

5 3062 11 3070 ⁵
100 3070 275 3163 tiaeque,
307 3067 417 3153 quales
439 3069 595 3134 Karidae
617 3091 689 3134 esse
710 3066 837 3148 solent,
866 3084 978 3134 notare
1000 3071 1177 3155 opinantur.
1226 3064 1359 3132 Rectius

131 3186 269 3250 fortasse
290 3184 456 3249 Kastolou
477 3208 497 3248 a
517 3190 605 3270 justo
628 3187 867 3271 compositionis
890 3190 1003 3269 modo,
1030 3190 1183 3272 justoque
1205 3206 1359 3252 versuum

131 3323 266 3367 numero
296 3302 414 3369 dictem
450 3307 640 3388 existimes3
682 3324 818 3389 namque
854 3303 987 3368 verbum
1016 3317 1094 3376 aas·
1124 3305 1208 3370 iuter
1236 3318 1356 3399 cetera,

125 3441 252 3522 justum
282 3445 468 3523 rectumque
496 3445 604 3505 tenuit
631 3440 774 3517 modum,
805 3437 983 3525 significem
1017 3441 1101 3504 unde
1121 3451 1251 3532 sapei,
1280 3461 1357 3507 oar-

127 3582 203 3640 'etatt
218 3578 310 3658 jttrtt'
329 3574 453 3639 etodttlt'
476 3574 596 3637 dictum
627 3593 698 3636 eam
728 3588 855 3659 propter
877 3597 1024 3656 causam,
1055 3591 1091 3641 ut
1110 3598 1130 3639 a
1152 3573 1357 3640 brevioribus

130 3691 197 3757 illis
229 3707 324 3778 atque
353 3693 573 3777 incompositis
603 3691 798 3756 carminibus
833 3695 1088 3776 discerneretur,
1130 3693 1248 3781 quibus
1280 3705 1355 3759 anta

133 3885 348 3895 Μ

171 4000 230 4079 to)
251 4002 399 4062 Pococlsii
421 4009 512 4062 notae
532 4000 562 4061 io
581 4004 702 4085 Tograi
725 4024 844 4067 carmen
866 4006 1020 4077 lenticum,
1044 4024 1072 4083 p.
1092 4002 1119 4061 l.

173 4117 229 4197 80)
252 4120 366 4180 Bnhlen
389 4122 551 4181 Continent.
575 4123 612 4182 dc
634 4122 844 4197 blotenabbio,
867 4147 895 4204 p.
910 4124 962 4184 91.
1025 4146 1040 4165 ··
