2904 4942
630 324 818 402 Comparatio.
882 301 883 304 Ἴ
1267 287 1341 392 ’2119

105 485 157 578 ab
177 487 394 552 animantibus
423 487 513 553 hisee
541 504 707 575 repetunt,
736 493 851 575 quippe
873 462 956 575 quae
979 448 1013 554 in
1034 489 1176 558 Arabiae
1203 496 1339 564 desertis
1407 506 1424 548 Ἀ

107 603 302 690 drequenter
317 622 497 679 aecurrunt.
521 605 775 683 Quibus-mnam
791 611 824 672 in
839 607 968 672 modum
984 607 1207 680 Hebraeorum
1224 626 1339 701 poe'tae

104 721 517 807 ‘delectentnrmontibnm
539 725 680 805 Minoo,
706 725 865 806 Corneio,
888 725 1049 812 fluvioque
1066 727 1232 811 dordone,
1253 733 1333 799 Ara·

113 839 188 906 burn
212 845 315 926 potitis
338 847 392 907 vix
416 834 647 918 memorantur;
676 862 787 909 eontra
815 848 866 928 qui
883 844 936 929 'ab
957 843 1100 909 Arabum
1125 854 1229 932 poetis
1250 850 1336 916 eele-

112 956 248 1023 braatur
277 961 428 1040 Arnfut,
459 958 566 1042 Srrfo,
599 963 730 1030 Meroen
760 977 883 1026 montes
911 965 1012 1040 seori,
1041 963 1142 1042 Mino
1170 968 1336 1049 convallis,

120 1055 315 1156 Weo'rctra'
333 1080 512 1157 desertum,
545 1079 664 1143 Gadda
693 1094 788 1165 atque
810 1081 910 1144 Atslo
938 1081 1089 1160 arbores,
1119 1050 1273 1169 nusquam
1302 1091 1336 1151 in

110 1195 308 1260 carminibus
339 1195 508 1261 Hebraicis
538 1196 665 1260 obviam
695 1211 780 1260 sunt.
838 1172 951 1262 Haud*
970 1203 1235 1283 praetereundum
1274 1182 1348 1268 boo⁴

113 1308 207 1389 loeo,
229 1315 314 1376 inter
336 1316 478 1397 poeticos
501 1313 631 1378 Veteris
654 1313 855 1380 Testamenti
879 1315 980 1381 libros
1002 1321 1055 1382 vix
1081 1319 1198 1399 ullum,
1221 1326 1336 1408 imagi·

108 1451 190 1519 'uum
222 1428 361 1494 indolem
393 1445 487 1516 atque
517 1435 672 1518 originem
702 1437 730 1496 si
751 1432 899 1518 spectes,
937 1437 976 1499 ad
1005 1436 1175 1500 Arabicam
1206 1441 1336 1523 propius

112 1549 266 1611 secedere
288 1552 399 1632 pobsin
423 1548 504 1614 Jobr·
522 1549 625 1626 libr03
651 1553 807 1634 siquidem
830 1554 911 1636 quae
931 1556 963 1616 in
978 1552 1044 1623 ¹illo
1062 1569 1232 1618 ooourrnnt
1254 1560 1336 1637 inra-

112 1669 207 1749 gines
228 1680 323 1752 utque
345 1669 574 1753 descriptiones
596 1671 697 1752 magis
719 1671 759 1732 ad
783 1659 938 1737 Arabiam
958 1670 1218 1756 Aegyptumque,
1241 1696 1334 1759 quum

111 1784 153 1845 ad
185 1782 396 1859 Palaestinam
426 1790 585 1872 pertinere
618 1788 776 1848 videntur.
816 1783 932 1848 veerte
963 1783 1220 1871 elegantissimae
1248 1799 1334 1876 equi,

111 1900 390 1981 strutlrr'ooamele',
418 1904 643 1989 hippopotami
672 1904 891 1988 erooods'lr'que
919 1905 1148 1986 descriptiones
1177 1901 1241 1971 non
1256 1909 1335 1994 ..Pa-

110 2015 300 2098 laestinam,
323 2023 378 2085 sed
400 2023 550 2088 Arabiam
576 2021 625 2084 vel
640 2025 818 2106 Aegyptum
842 2018 997 2084 redolent.
1035 2018 1143 2097 Quare
1168 2023 1252 2088 baud
1275 2029 1335 2090 im·

110 2140 227 2200 merito
249 2150 387 2218 statuas,
423 2139 509 2203 illius
537 2139 611 2204 libri
636 2155 815 2217 auctorem,
846 2141 990 2225 quamvis
1014 2140 1142 2202 natione
1164 2140 1334 2209 Hebraeus

111 2257 292 2321 censendus
321 2261 382 2336 sit,
409 2257 461 2321 vel
488 2263 522 2324 in
544 2259 667 2324 Arabiei
696 2258 881 2349 Aegyptove
912 2260 1059 2342 degisse,
1090 2256 1140 2324 vel
1170 2263 1333 2348 utriusque

110 2385 216 2437 terrae
240 2396 292 2439 res
314 2375 475 2442 naturales
497 2382 639 2466 apprime
658 2381 803 2463 cognitas
824 2375 987 2441 habuisse.

642 2586 671 2660 ξ.
710 2577 800 2644 clx.

198 2726 292 2805 Quod
315 2730 354 2793 de
376 2731 589 2816 imaginibus,
619 2754 697 2818 quas
727 2744 878 2796 nterrae
899 2750 977 2793 suae
1005 2728 1102 2793 rebus
1133 2731 1332 2800 naturalibus

108 2847 331 2915 Hebraeorum
361 2847 567 2935 Arabumque
599 2859 711 2935 poetae
740 2851 911 2934 derivant,¹
942 2850 1142 2925 mnnttimns,
1184 2849 1332 2916 videlieet

110 2989 169 3052 pro
192 2989 297 3030 rerum
321 2966 446 3031 illarum
468 2966 659 3052 aequalitate
682 2967 733 3030 vel
748 2968 941 3044 ,diversitate
971 2979 1004 3027 et
1026 2968 1182 3050 imagines
1210 2968 1252 3032 ab
1273 2971 1331 3031 iis-

109 3085 184 3149 dem
207 3088 322 3170 petitus
344 3084 394 3147 vel
416 3085 585 3170 aequales,
616 3086 664 3150 vel
688 3088 830 3149 diversas
853 3106 944 3160 esse,
966 3083 1113 3146 similiter
1135 3097 1167 3146 et
1190 3085 1229 3147 de
1249 3087 1332 3146 ima-

109 3203 240 3290 ginibus
263 3225 304 3266 ex
328 3201 549 3266 Hebraeorum
565 3202 770 3288 Arabumque
793 3206 877 3266 vitae
899 3205 1022 3264 ratione
1044 3201 1166 3264 haustis
1187 3214 1332 3267 statuen-

109 3323 198 3386 dum.
243 3320 346 3386 Multa
367 3323 490 3404 utrique
514 3321 633 3412 populo
656 3323 792 3384 invitae
815 3323 991 3383 eommunis
1014 3343 1070 3383 usu
1096 3320 1226 3398 eadem,
1249 3325 1331 3382 nonss

110 3439 201 3507 nulla
224 3460 299 3504 sero
321 3442 447 3503 diversa
467 3442 575 3515 fuere3
605 3462 702 3524 qnare
726 3454 759 3503 et
785 3441 942 3523 imagines
965 3435 1005 3499 ab
1036 3440 1201 3522 utriusque
1222 3435 1330 3522 populi

111 3559 197 3647 sitne
219 3561 344 3621 ratione
366 3561 482 3642 petitae
499 3563 685 3646 saepissime
707 3560 856 3637 eaedem,
879 3574 1104 3638 nonnunquam
1127 3575 1203 3617 vero
1226 3556 1330 3618 diver·

111 3696 168 3738 sse
184 3690 290 3739 erunt.
328 3674 470 3762 Uterque
487 3678 624 3764 populns
642 3669 797 3764 agrorum
814 3678 964 3740 culturae
976 3679 1152 3760 pecorique
1165 3671 1330 3756 monendo
1422 3756 1425 3761 q

110 3792 238 3855 deditus
260 3793 336 3868 init3
368 3789 466 3880 quare
495 3811 527 3859 et
548 3800 712 3881 utriusque
739 3793 849 3880 populi
877 3801 989 3877 potitae
1016 3794 1174 3877 imagines
1201 3800 1345 3853 suaset·

111 3909 338 3997 abfagrmm
366 3915 515 3991 cultura,
543 3929 575 3976 et
604 3935 624 3976 a
652 3935 690 3977 re
706 3915 871 3997 pecuariis
899 3923 1055 3996 repetunt.
1111 3907 1234 3973 Verum
1258 3927 1329 3970 eum

110 4029 309 4114 agrieultura
336 4033 421 4117 apud
450 4030 618 4096 Hebraeos
647 4028 745 4095 multo
776 4032 1051 4115 majoris,.quam
1078 4025 1161 4111 apud
1190 4022 1329 4103 Arabes,

108 4148 351 4229 aestimetur,
372 4152 500 4228 evenit,
521 4163 556 4214 ut
576 4147 857 4235 potitaeHebraioi
879 4147 978 4213 multo
1000 4146 1210 4232 frequentius,
1232 4160 1345 4224 quam

1051 4270 1090 4328 14
