2904 4942
29 307 35 320 “
116 306 159 370 86
418 384 420 388 ⁴
570 300 706 364 Portll.
750 301 823 379 Cep.
843 299 885 361 11.

121 473 263 560 gravitas
296 470 450 556 quaedam
478 468 683 554 dignitasque
717 467 861 551 propria·
879 478 953 540 eat,
994 482 1079 549 qnae
1106 473 1150 525 et·
1172 460 1217 525 ad
1245 478 1356 524 stores

126 609 314 674 morumque
335 600 512 672 praecepta.
524 587 664 649 transiit.
712 580 825 659 Quare
853 578 887 647 in
917 582 1035 647 etbicis
1058 578 1211 644 Araban
1240 578 1358 642 curni-

128 706 226 771 nibus
245 704 323 770 illae
344 707 486 769 maxime
500 693 773 768 commandamus
795 705 946 781 virtutes,
962 721 1058 786 ⁸(ptrue
1080 701 1121 764 ad
1134 693 1359 783 lingonas-viri

64 909 68 916 k
129 825 317 908 dignitatem
347 822 565 887 sustinendam
594 834 691 908 atque
713 822 961 905 promovendam
984 820 1162 904 pertinento
1191 815 1359 900 egregio

131 940 330 1007 facinoribus
349 939 561 1022 studendum,
583 960 720 1026 namque
742 942 784 1005 iis
799 960 876 1004 vera
889 937 993 1024 gloria
1011 934 1360 1018 cenfinmnrmpatien-

131 1058 370 1124 tarderendnm
391 1059 542 1146 quidquid
572 1060 701 1124 fortuna
719 1054 899 1134 obtulerit,
929 1057 1084 1142 patientiis
1107 1055 1193 1120 enirn
1212 1064 1362 1115 umorem

132 1177 262 1241 tandem
286 1195 417 1258 compos
439 1173 517 1255 fies,
544 1178 725 1262 sicuti-qui
738 1179 867 1239 ostium
887 1175 1050 1241 indefesse
1073 1171 1196 1259 pulsat,
1217 1171 1360 1235 tandm

131 1292 340 1379 ingredietur.
393 1291 537 1375 lnjnriae
567 1295 661 1360 nobis
683 1292 793 1358 illatae
824 1315 888 1357 unu
916 1309 992 1358 snut
1012 1293 1186 1368 terendas,
1210 1290 1251 1353 id
1275 1291 1361 1352 enirn

129 1413 347 1496 jumentorum
371 1415 591 1478 onerariarum
613 1427 682 1489 ost3
700 1408 907 1496 repellendi,
946 1415 1001 1498 qni
1021 1415 1362 1477 cisternam-nostram

74 1596 89 1615 „
135 1530 307 1604 invadunt3
341 1532 458 1594 etenim
479 1533 508 1595 si
531 1531 605 1597 aliis
626 1531 850 1618 adgrediendis
874 1551 1001 1615 semper
1028 1528 1268 1607 abstineamus,
1304 1526 1393 1627 ipsi

137 1621 267 1708 tandem
289 1650 517 1755 opprimemur.
569 1649 661 1721 Mors
688 1672 751 1713 non
780 1649 893 1713 timide
911 1649 1081 1734 fugiendar
1105 1644 1193 1752 solat
1216 1646 1306 1721 esim
1325 1664 1363 1706 ea

134 1759 212 1826 illos
238 1758 397 1827 maxime
394 1770 559 1856 assequi,
596 1769 652 1852 qui
679 1767 881 1832 timidissima
906 1787 982 1830 eam
1011 1769 1122 1830 vitant.
1175 1763 1362 1849 Priusquam

135 1883 250 1966 pedem
279 1903 398 1966 ponas,
428 1882 535 1949 loeus
542 1887 774 1964 demetiendus,
806 1886 936 1971 quod
910 1906 938 1949 ιι
959 1886 1182 1961 intermittas,
1178 1884 1364 1967 necopinus

133 1986 286 2086 lapsabis.
331 2003 475 2089 Opibus,
500 2025 578 2088 quas
600 2006 784 2086 paraveris,
808 2002 985 2067 liberaliter
1007 2007 1116 2076 uteres
1144 2020 1230 2064 cauo·
1244 2012 1364 2077 tomen,

140 2140 181 2182 ne
200 2121 355 2205 indignos
380 2120 529 2188 homines·
549 2118 715 2182 beneficiis
737 2119 891 2199 adficias,
927 2141 1004 2184 mox
1026 2122 1110 2184 enim
1134 2116 1366 2183 beneficiorum

138 2237 172 2299 in
193 2234 267 2302 illos
291 2236 479 2303 collatorum
504 2252 536 2300 te
558 2236 745 2321 poenitebit.
792 2237 942 2303 Hominis
962 2237 1064 2303 altera
1086 2258 1160 2323 pars
1179 2234 1368 2322 autlingua,

140 2351 244 2418 altore
258 2375 319 2417 'cor
340 2357 434 2437 ejus,
459 2356 543 2440 quod
566 2353 743 2440 reliquum,
773 2359 901 2420 nonnisi
923 2357 1043 2435 iorma,
1066 2355 1217 2420 carnibus
1242 2368 1276 2418 et
1296 2375 1370 2418 saa-

139 2475 236 2558 guine
258 2488 419 2538 constans.
444 2508 483 2523 -—
514 2470 685 2547 Sedlocns
706 2489 892 2562 tempusque
914 2497 973 2539 nos
995 2472 1186 2550 deficerent,
1209 2475 1238 2536 si
1256 2474 1370 2536 omnia

119 2600 306 2675 ‘peemrnrn
328 2590 540 2656 Arabicarum
561 2607 729 2676 praecepta
750 2592 885 2658 moralia
906 2613 1074 2657 recensere
1098 2589 1273 2665 vellamnsa
1299 2590 1371 2656 suf-

40 2700 41 2705 *
142 2682 262 2782 ficiuntx
287 2710 423 2777 fortasse
457 2709 593 2798 paucula
629 2711 710 2775 haec
740 2713 780 2776 ad
809 2711 1034 2777 declarandam
1070 2710 1196 2773 ethicae
1216 2709 1369 2773 Arabum

142 2837 280 2912 poeseos
302 2827 455 2895 indolem.
504 2828 555 2893 Ad
584 2828 669 2894 banc
699 2840 836 2915 poeseos
862 2834 1001 2915 speeiem
1024 2831 1174 2913 copiosae
1194 2823 1272 2890 illae
1295 2847 1372 2910 pro·

79 2974 82 2981 ’
141 2947 568 3047 verbiornm—Arabicorum
599 2953 758 3034 pertinent
787 2948 1012 3027 collectiones,
1053 2968 1155 3031 quae,
1196 2946 1267 3008 etsi
1285 2943 1371 3009 band

8 3102 19 3125 ι
144 3065 251 3129 desint
279 3063 409 3129 viliores
440 3087 565 3149 quoqne
595 3071 792 3148 sententiae,
825 3083 931 3132 tamen
954 3065 1053 3130 multa
1074 3067 1204 3150 egregia
1226 3061 1372 3148 praecla-

143 3182 242 3267 raque
265 3184 448 3258 continent,
479 3184 563 3245 unde
585 3188 692 3268 gentis
713 3183 870 3250 Arabicae
892 3205 1022 3261 mores,
1041 3186 1157 3259 vitam,
1179 3185 1371 3266 sapientiam

144 3302 264 3384 optime
294 3319 490 3385 cognoscere
522 3305 640 3385 possis.
694 3302 745 3367 De
776 3304 882 3366 ethicis
913 3301 1056 3365 Arabum
1092 3303 1184 3386 poesi
1217 3302 1373 3365 Reieds'ua

144 3415 245 3483 multo
268 3416 551 3498 honorificentius,
574 3423 730 3504 quamde
753 3422 926 3484 eorundem
949 3421 1057 3501 satyria
1081 3421 1187 3483 sentit.
1222 3415 1372 3505 Namque
1391 3402 1399 3412 ⁸

143 3537 178 3601 in
200 3522 363 3613 oratione,
387 3537 450 3619 quai
471 3535 602 3622 linguae
623 3538 784 3603 Arabicae
800 3540 942 3603 studium
959 3539 1180 3617 commendat,
1201 3535 1376 3601 Meidunis‘

49 3688 52 3693 ·
145 3655 388 3741 proverbiorum
424 3656 621 3744 mentionem
656 3657 828 3739 injiciens,
870 3658 904 3720 in
939 3654 1026 3719 hunc
1059 3657 1187 3720 medum
1224 3656 1371 3719 disserit:

147 3771 215 3851 „ld
238 3776 268 3838 si
290 3776 431 3858 prodiret
453 3797 534 3860 opns
565 3777 599 3836 in
629 3772 755 3851 lucem,
787 3755 1076 3862 haberemusejus
1102 3777 1270 3838 commatis
1290 3779 1374 3839 Ara-

143 3888 220 3954 bum
239 3892 354 3976 adagin
372 3907 404 3956 et
422 3896 499 3957 scite
521 3896 605 3957 dicta
627 3914 744 3978 magno
767 3911 918 3971 numero,
940 3895 974 3956 in
996 3891 1111 3977 qnibus
1133 3892 1277 3958 divinam
1300 3917 1375 3981 pro·

144 4009 313 4093 parnodnrn
338 4012 413 4092 ejus
443 4015 548 4096 gantis
575 4014 801 4097 sagacitatem,
839 4024 871 4075 et
894 4011 1088 4076 vibrantem
1104 4008 1249 4077 fulminis
1272 4016 1374 4079 instar

41 4163 45 4170 -
144 4129 324 4211 praesentis
354 4131 452 4192 enimi
482 4144 689 4216 promtaeqne
717 4127 859 4216 linguae,
880 4132 945 4193 vim
974 4148 1069 4193 nemo
1102 4143 1176 4210 eat,
1218 4134 1274 4216 qui
1308 4153 1374 4196 non

590 4394 602 4405 Ρ
641 4400 652 4413 ἢ
736 4410 741 4419 ἡ

642 4418 722 4457 ις.

713 4464 724 4477 ὗ

682 4486 708 4525 Ι..
