2904 4942
225 323 267 384 Dr
288 336 451 404 apameam
472 329 642 404 diversisque
661 330 808 405 amatim
824 333 981 401 micum
1002 331 1213 394 Heiroicorvrr.
1294 335 1336 398 ov

109 502 184 577 poet
210 502 346 555 mortem
376 490 462 557 beati
492 494 716 576 pmudicaudi3
747 496 862 578 iujueti
887 511 1002 562 contra
1026 510 1062 563 et
1088 499 1186 563 vitam
1216 498 1337 584 degum

109 606 346 688 miverrimam,
368 624 492 697 etpost
506 611 628 676 obitum
650 615 850 699 graviorimia
869 615 948 680 diria
963 615 1152 682 obruuntur.
1188 614 1337 682 Pruden-

111 745 164 794 ter
185 730 217 793 io
237 729 326 792 omui
348 732 478 815 negotio
500 731 711 806 vernandum
734 734 883 817 prudenti
902 753 1038 820 comque
1060 732 1195 799 coneilio
1216 738 1337 821 optima

111 863 258 933 quaeque
278 848 483 931 adaequeris,
512 851 730 934 imprudentia
749 866 859 916 contra
882 833 1010 916 uonniei
1032 855 1241 939 ignominiam
1263 850 1337 940 pbr·

110 967 292 1051 uioicnque
313 967 407 1050 parit.
449 965 523 1030 Deo
539 964 782 1047 confidendum,
804 971 897 1052 cujua
910 969 1034 1035 auxilio
1055 970 1221 1038 homiuum
1238 994 1337 1040 ooua-

109 1085 200 1149 mitra
227 1085 347 1168 optime
373 1086 564 1169 proceduut3
601 1087 675 1149 riuti
701 1085 945 1167 abstinendum,
983 1110 1137 1174 pauperes
1162 1110 1226 1157 uon
1256 1114 1336 1159 cou-

108 1203 294 1281 temueodl,
316 1203 456 1268 ebrietas
475 1205 628 1290 iuglande
636 1250 646 1283 ,
665 1207 781 1289 iuopea
804 1226 867 1269 nou
890 1209 1111 1290 opprimendi,
1133 1230 1227 1296 regua
1243 1226 1336 1298 atque

109 1330 260 1406 poteutee
274 1324 421 1401 cavendi,
443 1308 567 1388 divitiis
589 1342 655 1387 uon
677 1321 878 1402 iubiaudum,
902 1337 935 1388 et
957 1326 1074 1415 cetero·
1120 1328 1239 1394 Tertia
1257 1350 1336 1415 pro·

109 1437 294 1504 ceruorum
319 1459 414 1526 pm.
438 1440 531 1528 (cap.
554 1442 660 1509 XXV
675 1472 720 1491 *-
739 1441 884 1524 xxix)
920 1419 1040 1508 similia
1071 1447 1336 1532 praecedentibus

108 1560 255 1622 continet
275 1573 460 1645 praecepta,
485 1582 565 1645 quae
587 1561 719 1647 luugum
741 1575 830 1626 eaact
848 1560 976 1647 singula
997 1584 1178 1629 recensere.
1220 1564 1337 1651 Agitur

108 1676 258 1760 luprimir
280 1678 321 1741 de
343 1696 454 1764 regum
477 1678 666 1757 virtutibus,
690 1680 730 1743 de
749 1683 869 1745 mirari
891 1681 1060 1746 stultorum
1080 1698 1185 1762 aurtc,
1213 1685 1255 1748 de
1278 1687 1337 1749 dc·

108 1795 216 1874 aldit,
254 1795 483 1877 simulatione,
518 1800 682 1876 amicitiai,
717 1799 765 1861 rei
795 1796 964 1863 familiaria
997 1803 1094 1878 curti,
1130 1799 1335 1883 liberalitato,

111 1910 250 1999 aliisquo
272 1914 442 1979 virtutibus
470 1931 565 2002 atqua
593 1918 690 1981 vltiir.
743 1913 793 1979 Ad
821 1916 982 2001 duplicem
1013 1919 1098 2002 quod
1126 1921 1248 1985 adtinet
1275 1923 1336 1986 ad-

105 2031 297 2115 mediana,
319 2036 382 2117 qud
403 2032 644 2119 proverbiorum
666 2033 749 2099 liber
770 2032 942 2115 clauditur,
963 2037 1044 2122 (cap.
1059 2033 1178 2114 XXX,
1200 2034 1337 2121 xxxl)

109 2147 250 2214 sufficiat
275 2155 461 2233 modulare,
501 2157 534 2218 iu
562 2156 709 2218 extremi
738 2156 926 2238 portarioria
955 2167 1047 2238 perte
1074 2157 1195 2220 uxoria·
1216 2154 1336 2241 probeo

109 2268 245 2335 virtutes
267 2268 441 2357 lauderque
463 2270 706 2358 elegantiarimo
728 2274 869 2337 carmine
891 2273 1083 2358 praedicari.

487 2436 527 2533 ’Ῐ
634 2440 665 2553 a
691 2472 811 2573 xxx.

198 2624 251 2690 Ad
275 2625 516 2710 proverbiorum
538 2624 677 2705 librum,
713 2637 937 2710 argumentum
957 2624 988 2689 ri
1009 2635 1153 2710 spector,
1189 2628 1335 2710 proxime

110 2743 236 2807 accedit
256 2742 441 2822 liubaleik,
469 2747 538 2809 aira
560 2743 799 2824 Ecclerr'arier,
827 2746 944 2828 quippo
964 2746 1020 2830 qui
1042 2760 1190 2830 megmtm
1212 2761 1335 2829 partem

111 2863 338 2946 &ultumam
360 2865 547 2942 sententiis,
574 2861 685 2948 qualea
707 2851 949 2946 proverbiorum
972 2861 1106 2928 exbibet
1127 2858 1229 2938 liber,
1256 2882 1335 2927 cou-

109 2979 209 3045 llttttta
225 2993 285 3059 aar.
329 2979 444 3046 Omnia
461 2996 566 3046 autem
586 2979 808 3045 Eccleriortrr
824 2978 949 3045 dealem
967 2982 1168 3064 potiaaimum
1181 2980 1336 3066 pariebat

111 3108 147 3163 ct
166 3101 297 3185 epilogo
314 3085 509 3165 absolvitur.
551 3101 654 3166 Prior·
673 3099 756 3165 libri
770 3116 854 3184 parv
872 3100 959 3184 (capt
979 3096 1121 3176 1-1v‚
1145 3101 1201 3181 16)
1222 3101 1257 3163 iu
1279 3100 1334 3166 de·

109 3214 319 3282 monatiandb
337 3236 444 3283 rerum
461 3219 672 3285 humanarum
687 3221 826 3283 vanitate
844 3231 999 3282 vereatur.
1040 3217 1210 3301 Proposito
1230 3221 1337 3304 dispu-

112 3339 244 3402 tationis
273 3353 484 3424 argumento,
520 3360 605 3403 vona
633 3356 705 3404 erae
733 3339 842 3402 omnio
869 3350 965 3422 atque
993 3338 1121 3417 inania,
1157 3340 1336 3408 sententiae

112 3453 211 3538 bbjua
237 3458 356 3522 veritat
378 3472 445 3522 tum
467 3478 510 3521 ax
531 3460 683 3523 universi
705 3478 812 3523 rerum
841 3457 971 3532 naturai,
1008 3467 1074 3518 tum
1103 3472 1146 3519 ex
1169 3456 1335 3521 bominum

109 3575 228 3638 etudiia
255 3587 352 3660 atque
379 3573 547 3642 laboribur
576 3575 740 3663 probatur.
796 3574 833 3640 lu
863 3595 972 3640 rerum
1001 3576 1118 3639 ueturd
1146 3571 1192 3637 nil
1220 3572 1336 3638 stabile

112 3707 210 3777 atquo
234 3706 402 3774 constans,
425 3698 533 3760 omnia
554 3695 690 3759 eundem
714 3715 770 3778 per
792 3692 901 3758 orbem
924 3695 958 3757 in
976 3706 1140 3757 aeteruum
1156 3702 1336 3757 moventur.

82 3815 93 3829 “
111 3810 210 3876 Haud
228 3811 342 3877 melior
357 3814 461 3875 rarum
476 3812 687 3877 humanarum
704 3814 856 3878 conditio.
900 3811 1053 3876 Tradidit
1073 3831 1108 3873 se
1130 3809 1206 3873 libri
1226 3822 1336 3872 auctor

112 3932 290 4015 sapientiae
313 3934 452 4016 primum
474 3933 600 4006 studio;
637 3931 695 3995 aad
724 3950 837 4016 parum
860 3929 962 3993 bonae
991 3930 1093 4016 frugis
1115 3929 1190 3993 inde
1211 3925 1335 4002 retulit3

113 4064 252 4134 namque
275 4056 338 4134 quc
361 4051 464 4136 magia
485 4052 665 4114 doctrinam
689 4064 783 4135 etque
804 4050 994 4133 sapientiem
1014 4070 1151 4134 augear,
1174 4069 1213 4111 eo
1234 4048 1336 4132 magia

107 4171 263 4235 ol'corue
280 4183 377 4254 atque
396 4154 581 4260 eollioitudo
602 4182 770 4255 argeutum.
813 4167 932 4234 Portae
950 4184 1104 4235 eeuruum
1122 4164 1337 4251 voluptatibtte
