2904 4942
560 299 632 357 Iure
653 296 721 354 111,
754 295 823 370 Cup.
845 292 870 348 1.

316 450 607 545 Sternutatio'ejut
628 459 732 524 luoem
755 456 976 543 splendentem
998 452 1130 529 emittit,

316 580 473 665 Oeuiique
496 593 645 663 tanquam
670 576 840 662 palpebrae
864 591 1009 636 aurorae.
1049 592 1052 597 ·

318 701 345 763 E
368 694 517 763 faucibus
536 697 622 759 iaoes
646 697 822 781 prodeunt,
988 673 993 682 ⁹

321 815 487 882 Scintillae
509 817 592 900 ignis
613 836 648 878 se
673 815 864 899 proripiunt.

322 935 348 995 E
373 933 505 998 naribus
528 934 635 996 fumus
658 934 744 1007 exit,

319 1051 424 1114 lnstar
447 1048 530 1112 oilae
552 1051 726 1114 aestuantis
748 1059 841 1133 atque
870 1045 977 1108 ebeni.

323 1167 454 1232 Halitus
476 1171 547 1251 ejus
571 1169 730 1233 carbones
758 1166 918 1240 incendit,

323 1285 531 1370 Flammaque
555 1308 596 1350 err
619 1304 674 1349 ore
697 1285 814 1370 prodit.

325 1402 360 1466 ln
382 1401 466 1467 colio
489 1407 560 1487 ejus
579 1401 676 1467 robur
705 1413 937 1474 commoratur,

327 1521 367 1583 Et
390 1540 497 1585 eoram
519 1521 601 1585 faeie
624 1516 765 1598 exsultat
786 1531 898 1581 terror.

323 1637 455 1703 Ferrum
479 1643 548 1726 pro'
560 1638 653 1725 peleti
673 1637 793 1713 'hahet·,

255 1774 257 1778 ⁴
325 1758 393 1850 Aes
416 1778 475 1842 pro
505 1760 632 1842 putrido
652 1759 753 1843 ligno.

199 1883 204 1893 ’
323 1875 504 1940 Ferveiaoit
528 1873 611 1938 oliae
634 1877 736 1938 instar
758 1872 926 1955 abyssum,

218 1969 221 1974 ’
325 1984 417 2056 Mure
442 1994 545 2057 reddit
567 1995 651 2057 siout
671 2005 908 2076 unguentorum
931 1988 1213 2052 commixtionem,

116 2122 179 2186 Sed
210 2121 301 2188 loeus
330 2145 390 2189 nos
421 2123 592 2204 deficeret,
616 2127 673 2207 si,
717 2139 923 2210 quaeeunque
952 2119 1122 2186 sublimius
1149 2119 1242 2182 etiati
1269 2129 1338 2182 suot

116 2238 339 2305 Hebraeorum
363 2247 496 2324 potitae,
527 2241 669 2324 proferre
692 2240 845 2317 velimus3
876 2260 973 2324 qnare
992 2260 1102 2303 -uoom
1125 2236 1160 2301 iti
1180 2237 1338 2314 stidimns,

117 2356 276 2440 integrum
301 2359 369 2422 fere
393 2358 473 2422 Jote
492 2354 626 2435 librum,
652 2357 808 2424 -videiioet
829 2360 905 2422 inde
927 2379 946 2420 a
969 2361 1065 2421 tertio
1086 2359 1188 2440 eapite
1209 2356 1251 2419 sti
1273 2357 1338 2441 pri·

119 2494 205 2537 munt
235 2490 267 2537 et
288 2467 565 2560 quadiagesimum
596 2498 710 2561 usque,
740 2479 970 2562 cogitationum
997 2492 1213 2558 sensuumque
1237 2454 1339 2539 sabli—

118 2595 225 2654 mitate
248 2615 319 2658 esse
338 2595 506 2679 insignem.

625 2783 654 2858 s.
686 2776 838 2842 nxvtn

204 2926 298 3004 Quod
319 2931 359 2993 ud
385 2933 578 2995 elocutionis
598 2933 712 2995 attinet
733 2931 983 3008 sublimitatem,
1016 2949 1055 2989 ea
1083 2924 1135 2988 vei
1155 2928 1188 2989 in
1212 2940 1340 2991 senten-

115 3048 235 3110 tiarum
259 3047 530 3125 conforrnatione,
560 3047 612 3119 vel
641 3053 676 3112 io
704 3049 874 3112 verborum
905 3047 1029 3112 delectu
1057 3042 1163 3107 iocum
1194 3043 1337 3110 habebit.

119 3158 275 3235 Quaruvis
297 3185 402 3228 sermo
423 3165 606 3250 Hebraious
628 3180 661 3228 et
681 3168 714 3227 iu
743 3167 919 3230 formandis
948 3167 1115 3228 sententiis
1138 3158 1339 3248 simplicissi-

117 3300 189 3342 mus
212 3281 270 3355 sit,
299 3295 331 3342 et
352 3283 587 3367 epithetoruut,
616 3283 730 3368 quibus
755 3286 895 3346 maxime
924 3296 1054 3346 ornatur
1076 3284 1199 3359 oratio,
1231 3283 1340 3367 inopiai

118 3396 252 3479 quadam
275 3394 417 3472 laboret,
451 3414 557 3465 tamen
581 3402 664 3466 baud
688 3405 803 3465 desunt
834 3417 866 3464 et
886 3404 919 3463 in
951 3398 1150 3477 elocutione,
1186 3421 1267 3484 quae
1298 3401 1338 3463 ad

116 3515 270 3576 orationis
299 3513 529 3582 sublimitatem
556 3519 734 3584 conferant.
793 3518 866 3581 Huc
895 3519 1016 3605 reflatus
1050 3516 1139 3580 ilium
1173 3526 1338 3602 potiturum
1374 3520 1378 3527 '

115 3627 339 3695 Hebraeorum
362 3634 577 3713 idiotismum,
611 3657 691 3720 quo,
720 3639 827 3719 spreta
849 3634 973 3720 vulgari
1000 3633 1137 3717 alicujus
1160 3636 1207 3696 rei
1229 3632 1339 3718 appel·

113 3743 251 3827 latione,
283 3749 379 3812 aliam
410 3751 451 3814 ab
480 3755 600 3837 insigni
629 3754 766 3837 quidam
796 3750 884 3814 iliius
912 3756 959 3816 rei
985 3755 1176 3838 proprietate
1207 3756 1337 3837 petitam
1371 3748 1377 3757 ’

114 3880 279 3948 usurpant.
334 3867 388 3931 Sic
412 3868 501 3932 Deus
526 3891 547 3932 a
568 3872 712 3954 potentiis
743 3893 835 3955 quam
867 3874 1053 3954 saepissime
1085 3888 1186 3947 amet,
1212 3871 1335 3950 fortis,

111 3962 310 4064 appellatur,
334 3985 399 4062 Jes.
422 3985 550 4064 XLIX,
573 3993 634 4063 26,
659 3987 709 4051 Ps.
731 3986 911 4066 cxxxii,
933 3997 961 4065 2,
985 3995 1020 4061 53
1041 3991 1152 4052 eodem
1175 3985 1336 4051 vocabulo

108 4111 140 4161 et
162 4104 244 4164 tauri
266 4124 325 4165 neo
348 4124 410 4166 uon
433 4106 506 4189 equi
528 4108 766 4191 insigniuntur,
792 4106 840 4170 es.
866 4084 979 4182 xxrt,
1002 4111 1052 4181 13,
1074 4104 1143 4170 Jer.
1167 4105 1262 4185 vlu,
1286 4110 1338 4179 16,
