2904 4942
165 313 208 374 ss
592 280 695 370 'ron
716 308 742 367 r¹
787 309 856 386 cop.
878 308 934 367 ur.

171 476 286 542 mrem
312 475 380 539 iuis.
431 472 558 538 Arabes
583 466 724 539 mutibus
745 472 812 540 iilis
834 466 1002 552 civilibus,
1033 470 1152 558 quibus
1171 468 1249 536 indo
1270 486 1297 536 o
1313 468 1402 537 esic-

171 605 311 677 berrimd
332 602 390 674 iiii
412 603 536 696 epochei
567 597 642 696 (μ’
663 603 734 681 tls*
759 611 915 696 exagiioti
938 608 1047 686 luere,
1070 607 1105 670 io
1122 590 1398 692 populorum'cala

173 722 311 808 tiorum,
342 724 515 811 Syrorum,
548 722 713 792 Persarum
744 742 837 814 arque
860 716 1077 791 Romanorum
1100 730 1279 788 cumanum
1304 724 1403 788 devo-0

174 858 307 921 uerunt;
330 866 412 932 qaue
435 866 486 908 res
509 868 572 909 nou
598 857 731 931 poeseos
753 858 875 910 tertium
901 846 1062 922 utorium,
1085 856 1197 907 verum
1220 856 1351 907 onmem
1368 844 1402 906 iti

174 967 358 1029 universum
387 958 511 1048 ingenii
540 962 658 1028 cultum
687 962 772 1029 baud
805 980 913 1049 parom
946 966 1063 1047 juvare
1097 958 1218 1026 debuit.
1279 957 1402 1024 contro

174 1074 337 1146 Hebraeis
363 1090 435 1144 oiim
465 1071 690 1147 incultioribus
720 1080 865 1168 pupulis,
906 1078 1023 1144 deserti
1051 1077 1173 1144 sollicei
1201 1074 1339 1142 Arubici
1357 1082 1403 1141 'et

174 1191 377 1264 Palaestinae
399 1197 514 1263 incolis
536 1194 694 1286 antiquis,
724 1199 801 1265 belli
825 1204 964 1264 maxime
980 1195 1213 1263 'commercium
1234 1194 1317 1275 init,
1342 1210 1403 1281 qus

175 1328 280 1403 ireque
301 1307 435 1402 poeseos
456 1310 614 1397 studium,
638 1330 740 1406 ireque
757 1312 879 1406 ingenii
897 1312 999 1382 cultus
1015 1314 1049 1381 in
1067 1314 1251 1380 uuiversum
1267 1312 1403 1378 molisio

174 1432 358 1521 promoveri
386 1428 498 1521 potuit.
563 1434 673 1513 Quota
695 1421 727 1501 ot
747 1447 882 1523 poe'secs
904 1444 936 1499 ei
955 1422 1147 1521 reliquarum
1171 1430 1287 1498 artioni
1311 1430 1405 1520 siquo

174 1528 380 1619 scientiarum
411 1548 516 1619 studia
545 1547 632 1640 apud
660 1548 829 1622 Hebraeos
857 1545 998 1634 lenilus,
1037 1568 1131 1642 quem
1155 1552 1239 1638 eptid
1262 1549 1400 1629 smum,

175 1674 375 1758 processere.
435 1666 548 1753 Adde,
583 1675 668 1762 quod
691 1688 722 1739 et
741 1673 899 1741 libertatis
921 1666 1162 1758 bellorumque,
1192 1675 1271 1758 qu'es
1291 1669 1403 1736 lildeiii

178 1801 365 1857 commones
381 1788 517 1876 poiseus
533 1806 647 1857 causas
662 1784 806 1858 Hebraei
822 1790 1010 1878 Arabesque
1024 1789 1218 1869 habueruut,
1240 1783 1401 1876 aliquanto

176 1900 304 1974 diversa
327 1912 409 1996 apud
431 1916 600 1996 uirumque
621 1911 775 1997 populum
802 1906 901 1976 inerit
922 1911 1014 1976 ratio.
1064 1910 1230 1976 Arabibus
1258 1905 1334 1973 iride
1360 1907 1402 1972 ab

136 2086 139 2091 ,
177 2016 411 2114 antiquissimis
439 2026 637 2113 temporibus
664 2031 921 2095 ardentissimum
944 2026 1103 2093 libertatis
1126 2028 1287 2108 studium,
1312 2026 1406 2116 iogea

177 2140 330 2230 niumquu
353 2140 657 2225 bellicosissimum,
692 2148 773 2212 adeo
795 2162 830 2213 at
852 2160 892 2212 ea
913 2162 995 2234 gens
1017 2138 1073 2211 iix
1095 2142 1162 2210 ullo
1183 2142 1332 2230 tempore
1351 2160 1405 2233 pc·-

178 2250 266 2326 tilius
286 2254 411 2326 devicta
432 2236 526 2349 atque
549 2262 683 2328 subacta
704 2258 811 2333 fuerit.
857 2264 952 2343 Quoi
973 2261 1131 2330 libertatis
1152 2266 1293 2329 stooimn
1315 2264 1406 2352 iuge

178 2381 330 2466 uiamque
355 2370 543 2446 bellicosum
567 2384 662 2448 etiam
685 2387 719 2449 iu
743 2395 853 2450 eorum
876 2387 967 2472 pue'si
997 2396 1090 2471 qoem
1115 2384 1255 2448 merline
1277 2384 1407 2471 cubsffl'·

179 2486 272 2563 citur.
297 2488 455 2581 Quirino
468 2498 553 2564 hauri
568 2514 681 2567 vereor·
695 2494 899 2583 contendere,
922 2504 1056 2588 poeseos
1071 2490 1232 2566 Arabicus
1245 2510 1406 2569 sommum

149 2612 151 2617 '
179 2608 294 2683 dorem
321 2590 459 2682 heroicis
482 2622 638 2684 contineri
661 2614 867 2686 carminibus.
918 2615 1061 2685 Hebruei
1089 2613 1247 2684 libertatis
1267 2624 1407 2686 ‘mnino

41 2807 46 2813 .
180 2728 276 2799 etium
300 2744 463 2816 umautos,
486 2728 541 2802 scd
565 2734 695 2826 ingenio
718 2732 823 2804 minus
846 2728 999 2806 bellicoso
1020 2740 1119 2803 iocre.
1162 2737 1280 2803 Omnis
1295 2752 1405 2807 corun

181 2856 213 2915 ei
226 2842 356 2938 'publica
373 2865 405 2918 et
419 2848 540 2941 privata
553 2878 604 2921 res
619 2861 664 2923 ita
678 2854 823 2923 insilioia
838 2849 910 2936 tuit,
929 2872 974 2936 tit,
990 2870 1068 2944 agro
1079 2853 1215 2922 colende
1229 2855 1281 2921 rel
1297 2854 1405 2944 peooil

179 2973 340 3054 pascendo
369 2966 505 3054 inlecti,
537 2978 619 3041 iutra
641 2992 746 3043 terrae
768 2990 844 3061 sitae
866 2969 950 3042 lines
972 2998 1007 3042 se
1029 2988 1192 3056 terrerent,
1223 2960 1406 3044 etriounlsi

179 3076 271 3151 illati
294 3092 326 3152 vi
347 3096 448 3157 coacti
472 3116 562 3158 artua
589 3106 753 3157 sumerent
782 3094 953 3181 hostesque
980 3095 1211 3181 propulsarent·
1263 3094 1338 3172 Quo
1360 3096 1407 3162 itu

181 3208 286 3284 ciam,
307 3200 427 3293 ulpius
444 3209 581 3297 simplici
604 3214 674 3276 vice
696 3212 737 3277 ub
762 3210 880 3278 exieris
904 3213 1031 3299 pupulis
1053 3210 1290 3280 debellarentur
1312 3226 1406 3303 utque

43 3346 44 3351 ¹
82 3328 87 3335 ’
181 3322 417 3409 subigerentur.
481 3322 590 3405 Quare
621 3340 653 3394 et
679 3333 712 3395 in
742 3350 852 3396 eorum
882 3337 970 3418 poesi
1001 3348 1198 3420 nequaquem
1228 3330 1323 3399 ferox
1351 3330 1407 3400 iiis

182 3440 417 3532 bellicosasque
441 3450 566 3513 animus
589 3453 746 3529 cernitur,
777 3472 870 3536 quem
892 3473 1008 3537 magua
1030 3474 1102 3537 pars
1125 3457 1301 3518 carminum
1325 3454 1405 3521 Ara-

183 3560 326 3626 bicarum
343 3567 453 3650 spirat.
498 3566 593 3631 Haud
610 3570 738 3654 quidem
756 3568 1039 3650 dissimulandum,
1063 3571 1227 3638 heroicam
1241 3572 1406 3639 Hebraeo·

181 3701 252 3745 rum
274 3685 385 3769 poesia
408 3686 581 3750 maximam
603 3701 725 3771 partem
748 3688 944 3772 deperditam
967 3704 1057 3765 esse:
1090 3702 1200 3756 veroin
1220 3686 1262 3754 ex
1282 3697 1405 3777 prucis,

183 3814 266 3884 quac
287 3794 393 3866 adhue
414 3816 604 3888 supersunt,
634 3802 733 3890 hujiis
754 3798 883 3891 generis
907 3802 1103 3874 carminibus
1125 3822 1157 3873 et
1172 3808 1406 3896 depositorum

180 3914 307 3984 indoles
330 3914 499 4003 dijudicari
521 3935 615 4010 puss'e
638 3924 774 3989 videtur.
825 3922 861 3988 ln
883 3914 948 3990 illis
971 3940 1077 3993 autem
1099 3925 1292 3994 carminibus
1313 3930 1406 3997 feroit

152 4052 155 4057 ·
181 4022 346 4103 bellatoris
370 4030 496 4111 animus
519 4045 635 4126 pietate
658 4038 692 4106 l'n
714 4032 819 4105 Deum
843 4043 1052 4130 deprimitur,
1082 4062 1185 4133 aeque
1209 4040 1345 4114 rlctoria
1366 4048 1407 4116 de

181 4142 328 4223 buslibtis
348 4138 510 4244 reportata
527 4158 677 4226 huioeuis
694 4152 834 4242 virilius,
858 4158 914 4230 sed
934 4160 1057 4230 auxilio
1075 4160 1185 4232 ricino
1201 4156 1382 4257 itibuiit'rr:
