2904 4942
375 349 417 408 Do
438 349 554 409 entend
575 349 935 409 amicorumainicorum
963 354 1065 425 [eumd.
1236 359 1239 375 ¹
1267 347 1329 414 bib
1380 418 1383 422 ,

234 513 371 598 Saepius
393 511 466 577 ioco
488 514 609 598 epitriti
630 515 734 599 quarti
763 517 798 578 in
823 516 917 581 tertii
940 527 977 580 et·
992 516 1086 581 sexte
1106 515 1184 581 sede
1206 514 1330 601 emphi-

234 652 360 710 mecer,
382 628 448 695 imo
470 632 567 694 etiam
590 633 800 716 anapaestis,
830 647 862 697 et
880 614 922 697 ¹'iu
952 636 1045 698 sextu
1069 635 1145 699 sede
1167 636 1330 719 spondeus

226 751 426 814 admittitur.
458 749 554 813 Haud
577 769 649 813 raro
672 751 790 835 epitriti
812 754 898 817 tertii
921 750 1027 816 locum
1049 750 1200 830 diiambi,
1224 748 1331 815 chori·

232 864 338 945 ambi,
369 864 421 929 vel
444 888 584 953 paeones
605 871 707 955 quarti
738 883 904 961 occupant.
946 867 1110 935 Interdum
1136 867 1332 955 posteriores

232 996 297 1048 tres
318 985 416 1068 pedes
436 1002 632 1066 resecentur,
657 989 804 1052 adsumto
834 990 867 1052 iu
897 991 1027 1063 tertium
1047 986 1152 1052 locum
1176 983 1329 1050 molosso.

231 1099 339 1165 Metro
362 1100 444 1166 Seri’
468 1105 609 1169 sedecim
632 1108 774 1169 carmina
802 1108 835 1170 in
858 1107 1025 1186 Homero,
1060 1106 1176 1193 viginti
1197 1125 1274 1167 vero
1296 1103 1330 1166 in

232 1219 449 1286 Motanubbe’t'
470 1220 613 1289 Dionaeo
635 1227 813 1308 composite
834 1237 919 1290 suut.

104 1365 143 1429 X.
168 1356 525 1468 ω,..ι·,ο,.]Ι1ωιειιηιΙι,
548 1363 714 1434 ernistum
736 1371 861 1423 constat
881 1381 924 1424 ex
940 1361 1067 1445 epitrito
1083 1357 1198 1434 tertio,
1220 1367 1332 1440 quater

230 1475 378 1558 repetito,
388 1475 583 1539 intermixtis
600 1473 724 1537 duobus
741 1477 875 1561 epitritis
891 1483 1025 1564 quentis,
1035 1480 1069 1543 iu
1084 1475 1168 1540 huno
1184 1474 1330 1537 modurn:
1385 1556 1387 1561 Ι

231 1755 328 1823 Heud
351 1783 425 1825 raro
452 1763 573 1847 epitriti
595 1765 680 1824 tertii
708 1760 741 1823 in
765 1760 989 1840 choriambus,
1021 1760 1071 1824 vel
1092 1757 1269 1837 diiembos,
1300 1775 1333 1822 et

206 1878 351 1962 ·'epitriti
372 1881 477 1964 quarti
500 1881 532 1941 in
551 1879 739 1957 dichoreus,
763 1882 973 1965 antispastus,
995 1899 1199 1965 peeonesque
1221 1879 1332 1941 tertios

231 2007 412 2068 mutantur3
448 2016 677 2083 nonuunquam
706 1995 812 2060 locum
841 2012 967 2061 sextum
998 1996 1156 2061 molossus
1187 2009 1331 2080 occupet.

231 2111 307 2178 Huc
335 2112 473 2177 refertur
502 2127 534 2178 et
566 2113 791 2180 brevissimum
822 2113 901 2180 illud
931 2119 1023 2181 metri
1053 2134 1172 2200 genus,
1207 2112 1332 2176 duobus

122 2290 126 2295 .
231 2231 387 2295 duntaxat
409 2229 563 2316 pedibus,
596 2235 726 2318 epitrito
757 2235 850 2298 tertio
880 2246 912 2297 et
942 2231 1082 2299 molosso
1110 2232 1331 2321 compositum,

232 2345 295 2434 bne
316 2349 430 2436 modo:
514 2349 519 2354 ’

598 2465 714 2534 ..υ.Ι
733 2500 802 2512 ...

233 2566 374 2632 Metram
396 2564 572 2630 Mousareb
596 2570 700 2632 rarius
723 2544 876 2645 occurrit3
900 2572 933 2633 in
959 2568 1104 2633 Humani
1126 2586 1242 2630 novem
1265 2587 1333 2631 cer·

232 2688 339 2763 mine,
363 2685 402 2748 ed
426 2686 498 2767 ejus
521 2705 668 2749 normam
690 2691 885 2772 composite,
909 2685 1079 2751 lrebentur.

104 2829 162 2892 xi.
189 2828 321 2911 wib,
352 2817 486 2899 Cleosff,
521 2820 611 2896 leve,·
642 2833 767 2884 constet
796 2841 839 2884 ex
869 2823 998 2907 epitrito
1027 2819 1189 2898 secundo,
1220 2831 1331 2906 quater

233 2939 378 3022 repetito,
401 2916 594 3000 intermixtis
611 2935 735 3001 duobus
751 2941 886 3022 epitritis
902 2940 1015 3016 tertiis,
1033 2941 1065 3001 iu
1085 2936 1169 3001 buno
1185 2939 1331 3001 modurn:

232 3222 378 3323 Uterque
406 3226 552 3309 epitritus
582 3204 680 3290 variis
709 3225 870 3291 obnoxius
895 3223 1142 3288 mutationibus:
1172 3221 1332 3286 secundus

137 3326 141 3333 ¹
235 3344 268 3406 iu
310 3342 518 3418 dichoreurn,
553 3342 693 3407 ionicum
736 3344 892 3406 minorem
932 3361 1150 3428 paeonemqne
1176 3326 1331 3417 tertium,

234 3462 347 3525 tertius
375 3463 408 3523 in
441 3458 615 3525 diiambum
653 3462 857 3547 ionicumque
888 3460 1045 3540 majorem
1082 3471 1234 3521 mutetur.
1294 3456 1330 3521 ln

236 3580 330 3642 tertiis
364 3581 521 3664 sentique
556 3579 634 3644 sede
668 3580 789 3663 epitriti
826 3577 959 3642 secundi
996 3573 1103 3640 locum
1137 3574 1222 3639 bend
1258 3595 1333 3639 raro

236 3678 451 3780 amphimacer
465 3694 516 3759 vel
533 3711 725 3782 anapaestus
741 3677 884 3780 occupet.
914 3694 1044 3758 Praeter
1058 3695 1220 3757 trimetros
1235 3695 1331 3756 etiem
1432 3775 1436 3782 Ι

169 3791 179 3805 ’
237 3814 365 3877 dimetri
387 3828 558 3878 occurrunt
581 3813 747 3892 versiculi,
779 3811 905 3877 dnobus
934 3813 1070 3897 epitritis
1092 3812 1251 3875 secundis·
1269 3823 1332 3874 ter·

123 3922 128 3929 ’
236 3932 353 4015 tiisque
383 3932 571 4016 compositi,
600 3929 712 3996 ultimo
739 3929 810 3995 loco
839 3952 1064 4016 nonnunquam
1087 3927 1254 3993 beoebium
1277 3918 1332 3992 ad·

235 4050 406 4113 mittentes.
450 4047 556 4112 Metro
580 4045 691 4112 chafit
716 4052 801 4113 inter
823 4046 1058 4113 Muellakerum
1083 4061 1229 4110 auctores
1256 4067 1331 4107 usus

118 4167 123 4174 “
236 4178 286 4228 est
308 4165 456 4246 Haretlr3
489 4167 522 4230 iu
546 4142 695 4231 Hesterni
716 4169 826 4230 sexies
848 4180 970 4231 teututn
993 4165 1180 4230 offenditur.
