2904 4942
636 310 825 389 Comparatio.
927 308 930 321 '
1301 314 1343 376 ii

113 486 248 563 gerent3
272 472 356 561 apud
370 470 503 537 'Arabes
520 487 632 541 eontra
648 497 706 556 eo,
727 490 764 540 ut
785 475 919 541 eandem
940 488 1042 543 artem
1062 476 1159 544 rebus
1181 475 1343 559 humanis,

115 595 257 664 maxime
279 613 357 658 vero
379 590 524 672 bellicis,
547 595 743 661 addicerent.

522 772 954 869 mi„

575 1052 881 1125 l’ttrsll·
958 998 961 1003 -

186 1230 229 1286 De
248 1238 412 1302 orpummto
433 1228 602 1301 diversisque
621 1230 767 1302 ommim
787 1232 944 1289 carminum
964 1232 1167 1294 Hebraieomm
1188 1244 1270 1308 utque
1314 1252 1318 1256 ·

633 1344 825 1408 Arabicarum.

598 1542 771 1616 vap.
821 1546 855 1602 1.
988 1598 991 1603 .

263 1680 472 1747 energumeno
492 1681 657 1750 diversisque
677 1683 817 1749 generibus
836 1685 975 1738 carminum
994 1682 1189 1739 Hebmioorum.

615 1871 645 1947 i.
674 1864 835 1933 xxvltl.

201 2015 280 2083 Cum
303 2022 408 2084 omnis
430 2017 654 2097 Hebraeorum
678 2041 730 2086 res
758 2018 924 2101 literaria,
956 2023 1053 2109 inque
1081 2025 1192 2109 primia
1221 2028 1339 2111 poesie,

112 2138 209 2203 sicuti
230 2142 380 2224 superius
395 2139 664 2217 demonstratum,
687 2160 758 2203 oum
779 2138 936 2226 religione
958 2143 1222 2225 conjunctissima
1243 2156 1341 2224 esset,
1385 2201 1389 2206 .

115 2256 201 2321 baud
222 2256 416 2338 mirandum,
440 2259 614 2321 maximam
638 2260 814 2323 carminum
836 2258 1071 2323 Hebraioorum
1091 2276 1216 2346 partem
1231 2262 1271 2326 ad
1288 2284 1341 2327 rea

107 2396 220 2440 aaaron
241 2396 428 2460 morumque
448 2378 680 2440 institutionem
704 2379 874 2461 pertinere.
919 2376 1029 2454 Quare
1050 2383 1171 2464 optimo
1191 2383 1277 2462 jure,
1306 2379 1338 2443 id

111 2496 198 2582 quod
218 2493 385 2560 liebertus
406 2494 522 2559 Lowti
543 2492 662 2580 aliique
683 2493 809 2574 fecere,
831 2495 1054 2561 Hebraeorum
1078 2501 1190 2583 poesin
1213 2518 1340 2563 ruerant

112 2616 249 2680 dixeris.
301 2611 404 2697 Cujus
426 2635 498 2678 eam
520 2634 622 2699 panea
643 2627 765 2677 tantum
788 2617 950 2701 supersint
969 2618 1183 2695 monimenta,
1211 2600 1341 2699 jurabit

113 2733 155 2798 ari
178 2735 369 2818 penitiorem
391 2733 441 2795 rei
463 2733 679 2817 cognitionem
707 2730 907 2818 singulorum
934 2732 1090 2817 librorum
1116 2748 1339 2819 argumentum

112 2870 295 2914 recensere.
336 2849 467 2916 Initium
490 2853 722 2936 apralmorum
736 2849 930 2936 anthologia
951 2853 1125 2931 faciemus,
1148 2871 1229 2936 quae
1247 2856 1340 2936 quin·

79 2940 85 2955 ⁸
114 2988 178 3053 que
197 2967 295 3033 libris
316 2979 444 3034 eentum
470 2976 713 3055 quinquaginta
742 2974 889 3034 eontinet
912 2975 1069 3035 earmina.
1120 2968 1244 3033 Horum
1267 2990 1340 3032 oer-

110 3087 234 3151 minum
261 3088 388 3151 diversa
417 3102 616 3172 argumenta.
671 3086 771 3169 Sunt,
806 3110 888 3174 quae
919 3091 1059 3155 numinis
1091 3089 1192 3152 divini
1225 3089 1337 3153 landes

111 3203 293 3284 eelebrent,
316 3208 452 3292 ejusque
471 3207 694 3289 majestatem,
717 3209 905 3292 sapientiam
923 3223 1018 3294 atque
1034 3208 1264 3294 benignitatem
1288 3203 1341 3269 vei

113 3345 156 3389 ex
179 3326 332 3389 universi
355 3346 462 3389 rerum
485 3324 616 3405 nutari,
646 3322 699 3388 vel
719 3346 762 3389 ex
781 3325 948 3392 benefieiis
969 3329 1003 3390 in
1025 3324 1175 3412 populum
1198 3325 1340 3390 Hebrai-

113 3464 188 3508 enm
210 3441 355 3524 collatis,
380 3441 431 3507 vel
455 3465 497 3508 ex
520 3441 642 3507 auxilio
663 3442 800 3529 singuiis
820 3443 1023 3524 hominibus,
1056 3446 1165 3531 probis
1186 3445 1338 3522 maximo,

111 3562 332 3647 improborum
347 3561 503 3627 violentiir
519 3565 692 3647 oppressit,
716 3565 879 3649 praestito,
902 3565 1095 3647 praedicent
1141 3563 1233 3640 Sunt,
1257 3582 1339 3646 qnae

114 3683 215 3746 animi
237 3682 281 3768 pii
303 3702 438 3763 sensas,
460 3704 623 3761 amorem,
645 3703 735 3767 spem
756 3696 851 3768 atque
873 3681 1022 3747 fiduciam
1048 3685 1079 3745 in
1103 3679 1209 3744 Deum
1232 3679 1340 3764 expri-

111 3814 218 3875 mant3
249 3797 418 3863 ueletiam
444 3802 484 3883 rie
506 3803 603 3866 rebus
625 3802 764 3882 divinis,
792 3802 914 3886 iisque,
943 3822 1024 3886 quae
1043 3801 1084 3863 ad
1108 3792 1233 3864 morum
1255 3798 1340 3862 inte-

109 3922 259 4004 gritatem
282 3932 377 4004 atque
398 3919 586 4004 probitatem
610 3926 788 4005 pertinent,
818 3922 1027 4005 praecipient.
1074 3911 1188 4005 Neque
1210 3919 1337 3997 desunt,

109 4038 146 4102 in
163 4037 278 4122 quibus
294 4041 414 4102 montis
427 4040 527 4103 Jorae
543 4040 658 4117 dicati,
684 4040 816 4119 Zionr't,
839 4037 1029 4124 templique,
1053 4035 1105 4101 vei
1129 4040 1215 4122 regis
1236 4035 1338 4101 Israe-

111 4153 195 4221 litiei
217 4157 356 4242 dignitas
377 4157 547 4236 efferatur,
579 4156 628 4220 vel
652 4157 758 4245 populi
780 4158 936 4224 Hebraioi
958 4180 1010 4223 ret
1033 4154 1257 4260 memorabiles
1279 4178 1339 4220 ex·
