2904 4942
422 324 428 335 ·
504 350 506 355 -
572 313 761 388 Comparatio.
831 372 834 377 ,
1217 298 1314 387 211⁵

55 469 279 548 Ιοοέαὴηιιιῑπς,
298 496 395 559 qnare
417 488 449 540 et
469 477 613 560 ipsorum
635 487 747 562 poetae
766 476 1153 562 pulcherrirnasemillius
1165 491 1281 553 aetatis

21 629 24 635 ·
57 595 252 678 cogitatione
264 595 425 665 deducunt
440 597 616 681 imaginant
638 594 799 661 Archibus
816 617 892 661 vero
910 594 955 659 nil
972 597 1139 665 videbatur
1156 601 1280 681 beatius
1366 678 1368 682 ,
1419 649 1422 655 ·

49 707 213 792 paradiso
229 711 287 774 r'llo
303 713 449 790 coelesti,
471 716 526 798 qai
540 716 621 797 pios,
640 716 708 779 vita
724 714 904 789 defunctos,
928 731 1059 781 manere
1073 719 1279 800 credebatur;

54 828 141 890 unde
163 839 195 890 et
217 830 250 890 in
273 839 437 915 poetarum
459 830 670 897 Arabicoruru
693 836 843 899 cretione·
859 831 999 916 figurare
1019 833 1286 927 frequentissima·
1310 828 1314 838 ’

50 945 208 1030 peradisi
228 950 357 1013 mentio.
987 959 990 965 '

590 1071 621 1146 ς.
655 1066 745 1131 cxr.

76 1145 78 1151 Ι
126 1171 343 1264 lineolam,
372 1184 477 1249 fontes
500 1187 528 1249 si
551 1200 692 1270 spectes,
722 1184 807 1248 unde
827 1156 1050 1279 Hebraeorum
1074 1184 1278 1277 Arabumque

54 1305 174 1383 poetae·
190 1296 349 1387 imagines
371 1325 447 1366 suas
471 1302 626 1381 hausere,
656 1306 739 1382 inter
768 1316 916 1387 utrosque
940 1305 1279 1392 convenientiamque

55 1404 258 1492 differentia,
288 1420 370 1503 quod
393 1422 431 1484 ad
456 1421 544 1506 ipsas
567 1422 694 1485 dicendi
718 1421 838 1507 ligures
860 1412 1000 1495 adtinet,
1030 1436 1155 1503 praeter
1174 1444 1279 1506 paru·
1380 1493 1383 1497 ,

56 1526 185 1614 bolum,
224 1537 352 1601 easdem
390 1541 553 1622 utriusque
591 1539 697 1623 populi
739 1541 841 1623 politis
876 1538 1009 1601 usitatas
1044 1538 1277 1622 deprehendes.

56 1651 170 1715 Solent
201 1639 336 1739 namque
367 1669 398 1718 et
427 1648 650 1720 Hebraeorum
679 1671 711 1720 et
741 1655 883 1718 Arabum
915 1662 1044 1739 poetae,
1084 1659 1177 1719 sicuti
1208 1660 1277 1742 jam

54 1768 208 1835 monitum
232 1773 308 1849 luit,
330 1774 546 1857 metaphoris,
571 1772 889 1860 comparationibus,
911 1762 1175 1857 prosopopoeiae,
1198 1779 1277 1841 alle·

53 1872 224 1973 gore'r‘rque
246 1889 504 1976 frequentissime
528 1897 585 1957 uti.
624 1892 787 1969 Quantum
811 1893 843 1954 in
866 1888 1065 1972 metaphoric
1088 1890 1277 1981 adhibendis

55 2004 138 2068 inter
160 2028 195 2068 se
218 2013 420 2074 consentiant
443 2012 671 2096 differantque,
696 2013 763 2093 jam
787 2031 828 2072 ex
851 2010 912 2085 iis,
939 2009 1080 2092 quaeda
1103 2009 1275 2094 imaginum

53 2126 253 2206 poeticarum
277 2128 419 2191 lontibus
442 2131 639 2206 dictasunt,
673 2127 871 2192 sufficienter
894 2123 1074 2209 adparebit3
1104 2127 1275 2221 videndum

53 2230 170 2324 igitur,
200 2244 335 2328 quinam
359 2212 392 2309 in
422 2240 736 2332 comparationibus,
765 2242 1013 2332 prosopopoeiae
1041 2244 1276 2331 allegoriirque

52 2342 274 2425 Hebraeorum
298 2344 504 2450 Arabumque
527 2365 670 2429 obtineat
693 2385 867 2428 conrrenus
896 2377 990 2447 atque
1019 2362 1213 2427 dissensus'
1239 2362 1277 2429 ln

54 2480 352 2562 comparationibus
374 2483 406 2546 id
430 2472 592 2567 utriusque
616 2480 721 2566 populi
746 2476 848 2565 p'obtis
871 2501 1051 2558 eorumne,
1076 2493 1108 2542 ut
1128 2454 1276 2545 similliu-

53 2595 157 2674 dines‚
181 2592 299 2682 quibus
319 2586 459 2679 utuntur,
481 2592 553 2663 raro
576 2599 706 2663 uberius
728 2594 901 2682 explicent,
925 2619 1033 2660 verum
1057 2604 1119 2659 ono
1134 2588 1275 2662 alterove

53 2717 205 2799 adjuncto
224 2718 476 2802 adquiescentes,
499 2696 606 2811 novas.
621 2722 725 2803 potius
742 2716 903 2800 proferant
922 2713 1157 2813 similitudines,
1182 2739 1274 2800 quam

52 2832 195 2918 prolatas
215 2835 284 2916 jam
315 2839 467 2919 speciosis
490 2835 653 2900 coloribus
677 2842 845 2899 crement.
887 2831 1000 2917 Neque
1018 2846 1127 2919 tamen
1152 2836 1275 2898 deside·
1321 2880 1326 2890 .
1369 2882 1385 2908 .,

53 2953 222 3015 rantur-iu
245 2956 379 3040 utreque
409 2958 499 3038 poesi
520 2953 791 3037 cornperatiooes,
824 2954 940 3037 quibus
967 2930 1195 3017 similitudines
1217 2955 1275 3017 ad·
1395 2946 1398 2951 θ

53 3066 175 3133 hibitae
197 3084 229 3135 et
252 3071 380 3135 uberius
402 3087 434 3138 et
450 3071 866 3157 speciosius-explicantur,
887 3076 933 3136 ita
954 3085 990 3135 ut
1008 3092 1081 3134 curu
1103 3068 1274 3155 elegantis-

52 3187 145 3253 simis
166 3187 306 3273 Haerere·
318 3201 386 3250 aaut
413 3187 554 3273 Virgilii
580 3191 869 3274 comparationibus
890 3193 1004 3256 merito
1027 3191 1177 3272 componi
1200 3211 1273 3271 poa·

53 3306 144 3388 sint·x
172 3304 208 3370 ld
231 3326 356 3391 quoque
379 3323 445 3369 turn
468 3307 708 3385 Hebraeorum,
732 3323 797 3372 turn
816 3309 971 3373 Arabum.
985 3308 1274 3390 conrparationibus

53 3425 238 3509 proprium,
271 3442 306 3488 ut
329 3446 556 3510 nonnunquam
587 3448 725 3511 asenna
751 3439 859 3490 nostro
886 3426 1063 3489 abhorrere
1089 3427 1273 3501 videanrun

53 3544 138 3630 qued
161 3551 267 3607 tumen
290 3547 421 3629 saepius
446 3547 479 3608 in
501 3543 666 3623 Arabum,
696 3567 793 3630 quam
814 3543 1037 3609 Hebraeorum
1060 3547 1275 3625 comparatio·
1383 3543 1387 3554 '

54 3664 150 3728 nibus
173 3661 433 3748 deprehenditur.
478 3663 571 3739 Quod
593 3666 622 3728 si
643 3684 795 3748 quaeras,
825 3677 931 3727 utrum
955 3662 1062 3740 hisce,
1090 3658 1219 3731 abillis
1240 3663 1274 3727 iu

53 3779 116 3845 boe
136 3779 310 3867 figurarum
333 3801 453 3866 genere
475 3781 581 3865 palma
604 3788 646 3845 sit
665 3781 856 3858 deferenda,
877 3777 1006 3843 difficile
1024 3779 1085 3841 erit
1098 3780 1273 3869 judicium:

12 3971 20 3979 ,
54 3913 140 3964 certe
164 3903 251 3963 etin
265 3899 489 3963 Hebraeorum
510 3915 543 3963 et
559 3902 591 3962 in
609 3899 771 3978 Arabum,
796 3901 935 3964 maxime
952 3898 1180 3979 antiquiorum,
1201 3918 1276 3960 ear-

22 4107 26 4112 ·
56 4019 196 4083 minibus
231 4021 483 4104 appositissima·
512 4031 544 4082 et
576 4014 805 4101 pulcherrimas
825 4018 979 4090 invenies
1009 4015 1283 4097 comparationes„

55 4137 199 4203 earam
227 4152 333 4203 tumen
362 4137 535 4203 Hebraeos
553 4135 718 4205 Arahibus
745 4150 907 4221 praestare
936 4133 1079 4209 dixeris,
1115 4145 1286 4221 qnatenus,

959 4258 1029 4317 14*
