2904 4942
108 333 172 397 ano
558 332 708 393 emur.
751 334 883 410 unu.

109 509 180 571 ΧΗ,
199 458 330 606 Diras,
350 493 518 577 Modari’,
538 498 664 575 ιιίιἹες
691 511 816 563 uoustut
830 501 960 583 epitrito
982 501 1087 584 ptimo
1106 514 1222 587 quatu
1243 524 1333 588 repe-

233 618 310 694 tito,
332 615 522 679 intermistis
538 615 825 702 duobusnepitritir
846 619 1008 697 secundis,
1027 620 1064 683 in
1081 617 1171 685 bunc
1185 623 1330 689 nodum:

234 900 348 992 Neque
370 919 475 968 tumen
503 901 635 967 schema
655 902 756 969 hocce
779 902 976 968 carminibus
998 926 1189 989 expressum
1211 911 1331 992 reperi·

235 1040 306 1099 tur;
347 1022 501 1108 nusquam
532 1025 618 1085 enim
648 1023 803 1101 trimetri,
838 1001 1026 1107 constanter
1046 1018 1181 1088 'dimetri
1211 1041 1330 1090 tantum

235 1128 407 1210 occurrunt
427 1139 587 1206 versiculi.
620 1140 717 1205 Haud
739 1132 813 1204 raro
834 1134 981 1226 epitritus
1002 1128 1123 1226 primus
1141 1145 1176 1206 in
1191 1148 1331 1230 antispa-

234 1277 318 1326 stum
341 1258 393 1323 vel
415 1258 606 1335 diiambum,
629 1256 789 1323 secundus
808 1263 841 1322 in
858 1257 1044 1324 dichoreum
1065 1242 1225 1342 mutatum
1245 1286 1330 1348 prae·

237 1394 326 1444 terea
356 1378 489 1462 primam
520 1378 631 1440 sedem
661 1396 890 1463 nonnunquam
920 1377 1139 1463 amphimacer
1165 1379 1220 1443 vei
1249 1389 1329 1447 auti-

235 1494 388 1563 baccbius
417 1506 560 1578 cccrrpat.
604 1492 710 1557 Metro
741 1493 803 1558 huc
830 1495 994 1558 rarissime
1015 1500 1065 1560 usi
1092 1510 1170 1562 sunt
1190 1497 1331 1565 Arabum

237 1624 366 1702 poetam
396 1614 429 1676 in
460 1613 608 1676 Humusti
640 1632 802 1699 uunquam
827 1612 1007 1678 adhibetur.

108 1750 194 1812 xm,
222 1746 371 1824 W,
395 1730 593 1809 Mottadet,
621 1738 799 1807 concisum
829 1747 952 1795 constat
980 1735 1110 1817 epitrito
1131 1749 1248 1819 quarto
1269 1752 1327 1801 ter·

233 1856 361 1938 tioque,
382 1848 439 1915 illu
462 1848 532 1930 bis,
556 1848 618 1913 boc
641 1863 751 1934 quater
774 1851 929 1932 repetito,
950 1852 985 1914 in
1006 1850 1093 1915 bunc
1112 1855 1263 1918 modum:

236 2136 350 2224 Neque
381 2153 487 2201 tamen
518 2139 654 2200 trimetri
684 2157 824 2220 unquam
854 2135 1225 2217 occurrunt've‘rsictth,
1260 2161 1330 2202 cun·

233 2269 357 2321 stanter
376 2256 520 2332 dimetri,
542 2270 654 2341 quarto
677 2234 836 2339 tertioque
852 2258 981 2339 epitrito
1003 2256 1055 2320 bis
1063 2256 1228 2339 'repetitis
1273 2256 1330 2320 Pro

224 2375 362 2460 'epitrito
384 2387 497 2455 quarto
519 2375 616 2434 etiarn
640 2369 827 2451 dichoreus,
851 2394 908 2455 pro
932 2376 1036 2436 tertio
1048 2370 1258 2439 choriambus
1276 2375 1328 2437 ad·

235 2493 386 2562 mittitu13
417 2511 646 2573 nunnunquam
676 2493 707 2552 in
740 2493 844 2574 prima
867 2492 944 2554 sede
965 2495 1161 2575 antispastus
1184 2496 1329 2557 occurrit.
1358 2520 1361 2527 ·

181 2603 184 2608 ’
235 2608 411 2672 Rarissime
434 2621 466 2670 et
489 2605 550 2669 hoo
576 2621 711 2670 metrum
733 2607 912 2671 adhibetur.
1008 2616 1012 2621 “

107 2760 189 2823 xlv
215 2763 359 2835 ωξιι,
386 2740 617 2823 Mudrclrtuth,
641 2753 861 2828 amputatura,
884 2706 1008 2839 constat
1032 2721 1167 2828 epitrito
1186 2749 1283 2810 tertio
1304 2763 1333 2810 et

232 2863 392 2943 secundo,
415 2858 473 2925 illo
492 2860 560 2939 bis,
585 2859 648 2924 hoc
672 2876 783 2946 quater
804 2863 956 2944 repetito,
979 2861 1013 2923 in
1035 2857 1122 2977 bunc
1143 2864 1293 2930 mudum:

234 3148 389 3213 Trimetri
418 3147 568 3211 versiculi
591 3171 655 3212 non
679 3148 900 3228 offenduntur,
929 3170 1042 3213 omues
1062 3150 1209 3229 dimetri,
1239 3155 1332 3216 tertio

234 3266 439 3350 secundoque
469 3268 596 3350 epitrito
628 3264 679 3330 bis
714 3266 877 3330 adhibitis.
937 3264 1070 3375 Epitriti
1104 3270 1195 3333 tertii
1229 3268 1331 3334 locum

123 3360 146 3379 ⁵
234 3380 321 3447 haud
348 3405 423 3448 raro
453 3382 678 3491 diiambus,
668 3389 792 3449 lonicus
822 3382 927 3468 major
954 3384 1007 3448 vei
1037 3408 1140 3485 paeon
1173 3390 1331 3453 secundun

129 3498 134 3507 ’
237 3490 388 3586 occupat3
424 3522 493 3586 pru
512 3504 641 3588 epitrito
677 3505 818 3566 secundo
855 3500 950 3564 etiam
979 3486 1169 3580 dichoreus,
1209 3509 1332 3573 ionicus

235 3623 341 3686 minor
356 3622 530 3705 tertiusque
545 3643 646 3723 paeon
662 3622 848 3683 admittitur.
891 3617 1007 3684 Rarius
1028 3634 1060 3683 et
1080 3619 1144 3686 boc
1160 3640 1267 3690 metro
1286 3629 1332 3690 usi

237 3752 312 3803 suut
334 3747 467 3824 potitae3
489 3741 522 3802 in
547 3718 762 3802 Mutunuhbt'r‘
782 3735 925 3801 Diwunu
946 3735 997 3801 bis
1018 3724 1140 3803 tantum
1164 3747 1330 3826 reperitur

109 3885 174 3949 XV.
200 3879 333 3981 qma!
355 3871 571 3951 Motakareb,
601 3873 825 3954 conjunctum,-
853 3883 979 3981 cunstat
1000 3871 1134 3979 bacchio
1162 3880 1267 3975 octies
1287 3900 1334 3941 re·

132 4070 135 4081 Ι
238 3995 339 4077 petito
362 3996 395 4057 in
418 3991 503 4055 hunc
526 3991 673 4095 modum.

486 4107 927 4244 111
