2904 4942
322 323 364 384 ur
385 327 500 386 orama
522 328 678 386 cameron
701 286 903 385 armana„
922 326 1026 401 sorae.
1198 328 1283 389 -utt
1385 352 1390 361 ,

65 491 197 553 omuino
229 501 336 553 veram
366 510 450 553 esse.
501 486 648 573 Namque
676 492 795 555 rectius
816 489 1040 555 Hebraeorum
1067 491 1215 570 vocales,
1244 493 1284 559 ud

62 609 165 671 instar
188 606 475 671 Grammaticorum
497 606 785 684 Arabicorum,·in
808 620 873 671 tres
894 610 1021 694 redigas
1045 608 1184 688 classes,
1207 632 1285 696 qua-

63 744 134 788 rum
161 727 247 808 prior
275 724 401 789 vocales
429 747 545 820 aeuum
563 747 604 803 a,
633 748 691 804 ae,
723 728 955 812 exprimentes,
986 726 1120 810 proinde
1142 726 1283 808 Kamex,

63 841 235 921 Polluci,
265 841 386 928 Segol,·
415 841 515 908 altere
537 842 665 908 vocales
687 866 800 908 sonum
816 865 862 922 e,
891 846 921 919 i,
952 858 1120 923 notantes,
1149 848 1284 930 proinde

64 959 170 1037 Zere,
193 957 316 1046 Segni,
341 961 479 1037 Cdirck3
502 963 596 1024 tertia
618 963 754 1048 denique
773 959 904 1027 'vocales
925 966 1039 1025 sonum
1062 984 1099 1040 o,
1122 983 1159 1040 u,
1182 965 1283 1047 sigul-

62 1073 216 1155 licentes,
245 1080 379 1162 proinde
404 1079 550 1159 Cdolcm,
581 1079 711 1144 Karnos
733 1078 894 1164 chaleph,
926 1078 1072 1144 Scdnrelr
1094 1092 1127 1142 et
1148 1078 1283 1151 Kibbtte

33 1194 322 1278 comprehendet.
366 1196 517 1275 Accedit,
546 1197 629 1282 quud
659 1218 723 1259 uon
753 1217 864 1260 omues
887 1187 1138 1282 vocales,'quas
1165 1198 1283 1289 Geren·
1334 1174 1343 1201 ³

56 1328 120 1376 'rvr
150 1335 221 1376 cum
253 1313 446 1377 ludaeorum
477 1317 692 1399 grammaticis
722 1313 836 1378 breves
864 1317 1045 1392 existimet,
1065 1318 1188 1379 naturai
1219 1321 1281 1383 sud

63 1422 254 1514 semperque
284 1434 510 1515 corripientur,
543 1434 576 1495 id
608 1434 690 1517 quod
718 1432 757 1492 de
786 1429 907 1517 Segol,
939 1432 1058 1497 cerret
1087 1446 1120 1497 et
1145 1433 1281 1502 Ke'bbtva

61 1550 323 1631 praedicaverim.
371 1548 523 1612 Vocelem
547 1546 653 1632 Seg‘ol
673 1571 735 1617 ocu
759 1571 886 1637 semper
908 1553 1039 1634 corripi,
1068 1551 1134 1613 imo
1155 1554 1281 1637 saepius

61 1667 226 1749 protendi,
255 1665 404 1751 exemplo
426 1669 490 1731 aiut
512 1681 639 1757 ηἠηη,
669 1682 822 1762 rtpttuypn',
846 1684 934 1758 ψῃς
965 1670 998 1731 in
1022 1671 1118 1751 priori
1143 1690 1279 1754 namque

62 1781 218 1847 vocabulo
241 1783 340 1869 Segol
369 1787 401 1847 iu
425 1782 542 1853 locum,
559 1792 616 1849 coir
639 1784 763 1849 Kamen
785 1789 957 1863 successit,
992 1787 1127 1870 proinde
1154 1799 1280 1871 protra-

61 1899 222 1980 hendurn3
255 1906 288 1965 iu
316 1902 417 1966 altero
448 1924 523 1967 vero
547 1906 704 1989 tertioque
728 1903 884 1967 vocabulo
910 1901 1013 1965 literis
1043 1905 1279 1986 quiescentibus

61 2018 152 2097 tw,
183 2017 313 2106 longum
344 2019 492 2090 efficitur.
546 2021 641 2084 Haud
665 2021 757 2087 aliter
786 2021 826 2084 dc
852 2020 970 2086 Cdc’rck
997 2034 1030 2083 et
1053 2020 1187 2086 Kibbtta
1215 2037 1279 2086 stu·

60 2139 225 2202 tuendum.
279 2137 414 2222 Saepius
442 2142 527 2202 euim
551 2138 688 2217 Cbirek,
718 2142 778 2202 etsi
803 2137 906 2203 fulcro
928 2160 987 2202 suo
1010 2139 1193 2203 destitutum
1223 2142 1277 2220 sit,

58 2255 324 2341 protrahendum
354 2256 503 2342 exemplo
518 2259 567 2320 snit
588 2261 687 2347 utiba}
711 2264 730 2321 2
754 2257 837 2322 Illos.
858 2256 953 2336 Xtv,
978 2264 1028 2336 ts,
1052 2279 1108 2341 pro
1131 2262 1279 2349 Wi'illi
1309 2227 1312 2237 l

58 2391 148 2459 apere
178 2373 440 2455 uzeca-xxtt,
464 2382 522 2454 18,
550 2398 606 2460 pro
628 2388 767 2459 arvam
795 2393 872 2472 step:
902 2397 960 2460 pru
986 2391 1075 2468 unp}
1105 2377 1274 2456 timebunt,

20 2563 27 2571 ,
57 2501 80 2558 2
102 2491 202 2577 liegg.
226 2490 337 2569 XVII,
358 2499 408 2565 28,
435 2492 608 2563 -Similiter
631 2508 662 2557 ct
682 2493 816 2558 Kilbos
839 2493 922 2556 haud
944 2514 1018 2556 raro
1041 2496 1072 2556 in
1093 2491 1198 2558 locum
1219 2499 1278 2560 rori

57 2609 205 2675 Scdurek
231 2594 392 2689 succedit,
424 2611 558 2696 proinde
587 2611 855 2697 protrahendum
875 2617 921 2675 e.
951 2633 981 2696 g.
1012 2613 1068 2704 ὃς]
1101 2633 1157 2695 pro
1186 2614 1276 2706 bant„
1391 2634 1396 2641 ⁴

57 2731 126 2822 btpp
154 2750 210 2813 pru
240 2731 342 2824 btup,
375 2737 539 2823 rupippro
568 2736 659 2818 aarum
689 2744 750 2792 etc.
802 2725 893 2803 Quae
920 2731 949 2792 si
978 2731 1049 2814 quis
1083 2710 1276 2814 perpendat,

55 2846 142 2912 haud
173 2849 291 2911 invitus
319 2847 412 2911 nobis
445 2848 615 2925 concedet,
648 2847 786 2911 Gonori
807 2848 846 2911 de
871 2845 1070 2931 'syllabarum
1097 2851 1273 2932 quantitate

53 2981 240 3052 praecepta:
262 2963 376 3029 dreoer
396 2987 509 3050 nempe
532 2987 589 3030 cor
609 2986 691 3042 erre,
715 2985 799 3049 punc
819 2963 945 3029 brevem
964 2963 1108 3029 debeant
1120 2966 1274 3045 vocales,

54 3085 173 3169 longor
194 3093 328 3162 contro,
360 3103 444 3168 quae
465 3087 615 3168 longomr
645 3089 786 3168 quinque
808 3102 912 3166 perro
940 3081 1055 3147 brecco
1076 3082 1274 3166 totidemque

52 3204 171 3287 longor
192 3223 263 3265 erre
282 3206 431 3279 ooccler,
461 3200 680 3265 infirmissimo
708 3203 766 3263 niti
789 3200 1009 3264 fundamento.
1061 3200 1155 3265 Haud
1180 3195 1273 3264 aliter

53 3322 94 3384 de
116 3318 216 3384 altero
238 3318 296 3384 illo
318 3342 458 3396 canone,
471 3309 608 3383 ‘breuem
627 3317 783 3401 syllabam
802 3311 969 3403 positione
991 3317 1082 3381 daed
1093 3317 1183 3396 fieri
1203 3319 1274 3381 lon-

51 3460 146 3527 gum,
169 3448 284 3502 contro
301 3423 443 3503 cocoleur
464 3439 595 3523 longana
619 3440 701 3519 (nirr‘
716 3444 870 3500 accendar
884 3437 1084 3537 intercedat)
1104 3442 1271 3520 positione

50 3565 87 3624 r‘n
113 3557 241 3622 brenen
261 3563 403 3635 mutari,
427 3557 631 3621 censendum.
678 3553 830 3640 'Namque
853 3555 936 3638 quod
960 3556 993 3615 in
1018 3553 1117 3637 priori
1138 3551 1271 3615 canonis

48 3676 185 3760 bujoscc
223 3690 310 3761 perte
343 3679 511 3754 statuitur,
548 3674 678 3739 brevem
705 3671 860 3756 syllabam
893 3673 1050 3755 positione
1083 3669 1167 3733 haud
1198 3667 1270 3733 fieri

47 3793 198 3878 longam,
235 3792 607 3879 omniumlinguaruvu,
642 3795 676 3856 in
707 3790 822 3879 quibus
857 3789 1025 3873 longarum
1061 3785 1270 3871 braviumque

47 3909 205 3975 vocalium
229 3911 399 3975 discrimen
421 3910 559 3988 obtinet,
591 3908 717 3995 legibus
738 3884 905 3972 adversati
924 3909 1057 3970 videtur.
1102 3904 1139 3968 lu
1162 3906 1269 3969 omni-

45 4027 107 4094 bus
131 4027 194 4092 illis
216 4027 354 4113 linguis,
377 4027 520 4107 Graecei,
542 4028 678 4105 Latini,
700 4024 857 4100 Arabici,
880 4022 1007 4089 vocales
1030 4023 1164 4099 breves,
1187 4024 1267 4086 dua·

44 4145 179 4212 busvel
198 4142 344 4230 pluribus
365 4147 571 4240 sequentibus
593 4147 763 4223 consonis,
786 4128 1029 4231 protrahentem
1059 4143 1091 4204 id
1115 4145 1198 4226 quod
1222 4160 1263 4207 ert
