2904 4942
167 292 212 366 93⁴
623 301 697 362 Pare
716 301 757 361 11.
800 301 871 380 Gap.
892 302 935 362 11.

170 490 267 534 auras
289 458 450 554 prodiere,
470 478 691 532 sustentantur
712 479 813 553 atque¹
829 480 1081 534 conservantur.
1104 466 1228 533 Amore
1244 466 1398 534 inDennr

58 682 60 686 y
141 593 146 600 ’
170 587 218 654 nil
242 587 386 660 beatins;
418 587 599 672 quicunque
620 604 660 647 eo
682 597 849 665 tenentur,
877 589 1021 671 corporis
1042 583 1246 671 voluptates,
1275 607 1398 652 curn*

169 730 234 795 que
254 710 287 770 in
309 707 496 770 universum
517 724 571 766 res
592 704 770 767 mundanas
791 702 977 782 fastidiant,
1009 724 1143 768 measse
1165 717 1238 769 est..
1260 701 1397 768 'Verum

171 840 208 891 ut
230 828 356 891 sincero
378 821 436 887 illo
458 836 554 907 atque
576 821 801 886 ardentissimo
829 823 864 890 iu
886 820 992 887 Deum
1020 842 1131 886 amore
1161 819 1266 886 imbui
1290 823 1397 906 ponis,

170 935 396 1009 abstinendum
422 939 480 1004 tibi
503 938 543 1002 ab
566 938 731 1003 hominum
755 961 927 1024 rerumque
953 939 1164 1005 humanarum
1194 943 1397 1019 commercio,

87 1126 89 1130 .
171 1061 313 1128 solitudo
337 1058 474 1142 petenda
496 1059 662 1142 omnisque
678 1059 744 1121 vita
759 1057 1023 1142 contemplationi
1041 1059 1289 1127 consecranda*
1310 1055 1398 1135 Quod

171 1183 202 1247 si
223 1180 355 1256 leceris,
378 1176 418 1239 ed
437 1176 582 1239 intimam
605 1175 733 1239 tandem
756 1197 829 1239 cum
852 1179 983 1240 numine
1007 1178 1118 1241 divino
1139 1178 1398 1261 conjunctionem

60 1311 62 1317 ’
171 1297 358 1382 pervenies,
382 1295 445 1380 quai
467 1296 595 1357 animus
617 1290 776 1377 humanus
796 1290 837 1356 eb
860 1292 1008 1359 omnibus
1030 1293 1148 1375 rebus,
1169 1299 1283 1365 imese
1303 1305 1399 1361 semet

168 1400 245 1498 ipso
267 1409 442 1488 alienatur,
472 1422 504 1473 et
525 1408 683 1475 ineffabili
705 1408 867 1494 voluptate
889 1410 1050 1478 adficitur.
1093 1413 1191 1479 Haud
1215 1434 1293 1478 raro
1313 1433 1400 1477 amo

171 1529 218 1604 ris
235 1519 345 1592 ‘divini
373 1525 522 1612 voluptas
550 1526 683 1593 humani
711 1531 830 1595 amoris
859 1531 999 1616 imagine
1029 1545 1311 1617 repraesentatnr;
1344 1532 1400 1595 tri·

173 1645 313 1710 buuntur
336 1646 408 1711 Deo
438 1645 524 1713 oculi
552 1645 774 1725 blandientes,
811 1647 926 1737 quibus
950 1648 1096 1725 homiues
1116 1651 1159 1714 ad
1183 1652 1236 1717 sui
1257 1669 1399 1739 amorem

172 1764 299 1846 adlicit;
328 1768 469 1831 cincinni
491 1769 576 1852 nigri
599 1768 807 1852 crispatique,
830 1766 946 1852 quibus
969 1782 1106 1832 mentem
1129 1767 1306 1833 humanam
1329 1789 1400 1855 per·

173 1884 297 1963 turbat;
327 1883 415 1949 labia
436 1885 615 1953 rubicunde
639 1899 671 1951 et
693 1887 882 1965 suavissime
902 1887 1097 1972 fragrantia,
1132 1906 1267 1971 quorum
1294 1883 1400 1951 oscula

175 2002 362 2069 dulcissima
390 2018 482 2081 sunt,
513 2018 573 2067 etc.
625 2004 772 2068 Eundem
802 2006 942 2068 numinis
970 2007 1070 2068 divini
1100 2024 1242 2067 amorem
1273 2012 1312 2068 et
1337 2004 1400 2066 sini

172 2118 351 2184 dulcissimi
371 2122 511 2206 imagine
532 2130 645 2205 poetae
667 2095 852 2204 depingunt.
896 2121 988 2187 Deus
1006 2125 1175 2208 pincernae
1192 2134 1304 2207 partes
1326 2125 1400 2208 agit,

172 2235 320 2299 homines
344 2241 553 2327 potatorum3‘
581 2241 634 2321 qui
657 2236 753 2300 simul
777 2259 814 2301 ac
836 2238 982 2324 poculum
1005 2263 1024 2305 a
1046 2242 1197 2327 pincerna
1219 2238 1285 2303 sibi
1311 2238 1400 2304 obla-

172 2367 240 2418 tum
271 2353 498 2449 exhauserim,
535 2356 754 2436 inebriantur,
794 2359 840 2419 ita
869 2360 1016 2442 quidem,
1054 2374 1089 2423 ut
1118 2361 1262 2423 omnium
1293 2379 1399 2423 rernm

173 2462 383 2537 humanarum
408 2473 500 2537 obliti
523 2477 652 2539 nonnisi
679 2473 811 2538 coelesti
840 2474 994 2541 felicitate
1022 2479 1179 2546 fruantur.
1231 2477 1338 2544 Hisce
1360 2499 1398 2543 ex

134 2580 136 2584 Α
171 2589 366 2678 imaginibus
389 2597 534 2673 carmina·
553 2595 687 2675 mystice
709 2606 803 2657 enata
825 2607 918 2674 sunt,
956 2598 995 2658 de
1018 2595 1132 2680 quibus
1154 2596 1313 2676 inferius,
1348 2598 1400 2661 ubi

173 2713 213 2777 de
237 2710 394 2798 allegoria
415 2714 551 2796 mystica
573 2724 702 2795 agetur,
727 2710 858 2776 uberius
880 2712 1124 2799 disputabimus.

711 2917 743 2993 §-
767 2912 857 2979 mv,

257 3065 320 3129 His
342 3066 411 3130 fere
432 3062 552 3128 finibus
574 3065 898 3151 antiquiorArebum
920 3045 1029 3154 pbdsis
1051 3067 1254 3143 continetur3
1288 3089 1400 3134 reeen-

173 3185 265 3247 tioris
288 3184 359 3245 aevi
381 3190 493 3266 potitae
516 3203 580 3246 nou
603 3183 644 3245 iis
665 3193 788 3245 tantum
809 3189 1036 3272 acquieverunt
1061 3183 1176 3262 rebus,
1210 3206 1295 3270 quae
1323 3193 1398 3273 poe·

176 3303 271 3365 ticam
291 3300 460 3364 admittunt
481 3289 721 3377 tractationem,
747 3322 857 3365 verum
881 3304 978 3365 etiam
1000 3324 1055 3366 eas
1078 3301 1276 3368 carminibus
1297 3302 1400 3370 inclu-

173 3394 296 3498 serunt,
319 3440 400 3506 quae
418 3419 532 3484 naturd
547 3420 607 3482 sud
621 3417 662 3482 ab
680 3421 767 3482 omui
788 3421 880 3503 poesi
902 3431 976 3483 sunt
991 3416 1219 3485 alienissimae.
1249 3421 1398 3511 Namque

173 3561 216 3604 ex
238 3559 277 3602 eo
300 3552 461 3623 tempore,
480 3559 546 3623 ,quo
562 3539 773 3620 ¹scientiarum
796 3537 910 3601 studiis
930 3557 1062 3622 operam
1084 3545 1244 3603 naverunt
1262 3538 1399 3618 Arabes,

173 3672 208 3721 et
228 3666 341 3744 poe'tae
363 3644 455 3740 docti·
472 3657 595 3736 videri,
628 3670 659 3721 et
681 3658 766 3721 docti
788 3663 953 3740 poetarum
976 3668 1083 3739 partes
1106 3644 1398 3740 agererolebann

174 3797 236 3863 quo
260 3777 379 3840 lactum
402 3789 470 3854 est,
506 3789 541 3839 ut
564 3772 615 3837 rel
638 3775 896 3845 abstrusissimae
917 3772 1149 3857 disputationes
1171 3777 1321 3859 ¹versibus
1345 3800 1399 3842 ex·

150 3975 153 3983 ¹
174 3907 385 3979 ponerentur,
406 3892 621 3979 paulatimque
638 3894 678 3955 ad
698 3913 791 3954 omne
810 3894 1015 3956 scientiarum
1037 3913 1139 3976 genus
1161 3902 1296 3976 poeseos
1318 3895 1400 3959 fines

174 4013 433 4076 extenderentur.
483 4011 592 4089 Quare
614 4012 698 4073 inter
719 4007 863 4073 Arabum
891 4018 1037 4094 poemate
1064 4011 1289 4090 inveniuntur,
1304 4075 1308 4078 ,
1321 4034 1401 4099 quae

174 4142 277 4194 artem
305 4134 571 4216 grammaticam,
601 4130 767 4194 -nretricenr
789 4130 1019 4213 pottieanrque
1044 4127 1216 4205 doeesntzx,
1240 4126 1401 4195 habeatnr
