2904 4942
115 295 157 357 48
624 298 743 360 Por-sl.
786 300 856 376 Con.
876 277 927 364 ll,

102 470 226 527 'aurem
256 459 452 545 praebeant,
487 481 667 546 gravesque
696 461 764 531 illis
792 486 917 552 poenas
945 465 1107 547 minatur,
1145 467 1202 553 qui
1233 467 1347 542 divisa

62 584 65 591 '
115 574 247 643 oracula
275 577 515 644 narrationibus
540 577 608 645 illis
636 579 865 667 posthaberent
888 584 950 668 49).
1012 580 1125 669 Neque
1154 598 1264 649 tamon
1293 585 1346 651 vel

115 700 223 784 magni
244 695 332 763 illius
345 697 526 784 ¹prophetas
549 701 724 767 samaritas
746 722 937 786 propensum
959 699 1070 786 populi
1091 705 1143 767 sui
1158 705 1193 769 in
1209 702 1343 771 fabulas

114 818 257 883 animum
286 819 415 881 vincere
444 817 557 900 potuit.
618 815 766 902 Namque
795 832 828 885 et
857 833 931 904 post
958 818 1240 903 Maiestatem,
1277 823 1344 889 imo

112 936 211 999 etiam
234 935 352 997 nostris
375 955 500 1020 qaoque
523 934 740 1020 temporibus,
771 933 917 1014 Arabes,
944 937 1147 1017 sturbium,
1179 952 1212 1003 et
1234 938 1345 1007 deser·

113 1063 218 1119 torum
242 1049 385 1135 incolas,
408 1053 438 1119 si
457 1055 521 1138 quai
542 1051 680 1136 aliare,
704 1068 788 1121 oarts
812 1055 972 1139 ejusmodi
994 1055 1234 1125 narrationibus
1256 1054 1345 1123 dals-

113 1183 239 1237 ctantur
264 1169 328 1252 ⁵⁰).

646 1328 675 1405 ἦ.
709 1322 806 1389 XXl.

197 1473 248 1538 Aa
272 1476 475 1559 excitandam
499 1490 594 1565 atque
616 1477 864 1565 promovendam
892 1478 975 1541 inter
997 1476 1122 1544 Arabes
1148 1480 1262 1567 poesin
1287 1466 1339 1544 de'·

112 1595 208 1681 nique
229 1605 262 1655 et
278 1588 522 1659 celebratissimi
542 1592 591 1658 illi
610 1612 804 1674 conventus,
828 1598 882 1681 qni
902 1594 1030 1660 orodis
1043 1593 1149 1662 locum
1164 1596 1341 1678 habebant,

111 1730 197 1815 baud
234 1749 347 1817 parum
383 1728 558 1795 contulisse
590 1732 749 1797 videntur.
810 1730 885 1797 Fuit
913 1741 1020 1797 autem
1055 1730 1186 1821 Obodb,
1224 1718 1339 1809 ,ΕΙ-(ε,

110 1847 202 1916 locus
224 1851 257 1913 in
281 1848 400 1913 vicinia
421 1847 578 1927 Mecooe,
601 1871 663 1937 quo
686 1850 856 1935 quotannis
881 1846 1007 1912 Arabes
1028 1851 1230 1947 exercendae
1250 1870 1335 1917 mer·

111 1985 240 2037 caturae
267 1970 365 2035 causti
394 1965 562 2055 confluere
582 1965 740 2031 solebant.
790 1963 905 2051 Neque
927 1980 1033 2033 tamen
1056 1967 1118 2034 soli
1140 1950 1339 2035 mercaturae

114 2086 242 2157 osculi
266 2083 494 2150 incumbebant
516 2082 659 2163 Arabes,
698 2085 773 2170 quin
804 2087 899 2147 etiam
923 2072 1219 2175 audiendis'poe'tis
1242 2108 1339 2151 vaca·

66 2275 69 2281 ,
109 2206 207 2285 bant,
240 2204 349 2291 quiin
372 2199 430 2267 illo
459 2199 660 2289 popularium
688 2220 818 2266 suorum
851 2201 1003 2267 confluxu
1031 2198 1229 2268 carminibus
1256 2206 1339 2273 rcci-

109 2325 216 2393 tandis
239 2318 476 2385 concertabant.
526 2316 664 2399 Ferunt,
695 2321 839 2383 carmina
858 2318 933 2399 illa,
965 2322 1082 2409 quibus
1104 2324 1137 2387 in
1161 2302 1339 2413 certamina

110 2441 173 2511 hoc
196 2443 447 2527 primasrpartes
469 2434 593 2501 delatae
616 2437 770 2519 fuissent,
808 2441 915 2502 aureis
936 2436 1038 2505 literis
1063 2438 1160 2525 bysso
1182 2442 1339 2527 inscripta

110 2561 151 2627 aa
176 2559 337 2625 notissimi
355 2554 443 2623 illius
465 2557 659 2639 sanctuarii,
682 2557 735 2619 cui
760 2554 894 2620 Coobols
916 2578 1051 2635 nomen,
1073 2557 1160 2625 fores
1181 2580 1339 2649 suspensa

110 2679 231 2753 fuisse;
262 2674 346 2740 unde
369 2672 565 2739 carminibus
590 2671 681 2737 hisce
710 2692 952 2759 suspensorum,
982 2652 1186 2754 Moollclot,
1218 2698 1338 2745 nureo-

74 2764 75 2769 *
108 2814 253 2883 rumque,
275 2790 531 2870 Modsablsobot,
560 2812 677 2856 nomen
699 2792 848 2858 inditum.
893 2792 985 2873 Quae
1008 2795 1168 2881 sententia
1189 2796 1335 2882 quamvis
1378 2802 1381 2809 '

110 2914 369 2979 doctissimorum
392 2912 536 2975 virorum
564 2909 728 2997 suffragiis
750 2890 1008 2990 commendetur,
1039 2927 1145 2975 tamen
1169 2911 1255 2976 hautl
1278 2914 1337 2977 im·

111 3030 225 3095 merito
255 3030 366 3096 nostrai
395 3041 501 3123 aetate
528 3029 562 3091 in
594 3027 723 3093 dubium
755 3044 892 3108 vocata,
927 3033 992 3094 imo
1021 3030 1157 3094 refutata
1185 3030 1247 3095 fuit
1272 3032 1336 3115 ⁵¹).

110 3143 244 3210 Constat
264 3147 368 3226 enim,
391 3142 542 3208 solennes
564 3144 637 3210 illos
658 3146 786 3211 Olodlso‘
801 3133 977 3213 contentus
992 3164 1065 3215 ante
1079 3147 1336 3215 Mokammedes

111 3261 288 3330 celebratos
305 3263 423 3340 luisse,
446 3284 509 3349 quo
530 3277 672 3352 tempore
693 3265 855 3330 scribendi
877 3288 930 3331 ars
946 3265 1125 3344 Arabibus,
1150 3265 1336 3332 Hedscbaui

105 3436 318 3451 ...a—nan·—

149 3539 206 3623 49)
228 3538 377 3602 Alltoroni
398 3540 477 3600 Sura
498 3539 613 3612 XXlll,
638 3559 665 3602 v.
681 3536 734 3615 68,
755 3537 814 3619 693
845 3532 965 3616 ΧΧΧΙ,
987 3540 1018 3617 6,
1041 3541 1072 3618 7,
1096 3563 1133 3603 ex
1157 3539 1230 3602 edit.
1252 3498 1334 3603 blar-

182 3663 298 3704 sacen.

78 3802 83 3811 ·
152 3758 209 3842 60)
238 3762 284 3822 lle
306 3760 388 3838 Sacy
410 3760 572 3819 comment.
602 3760 639 3820 ‹le
667 3759 844 3821 literaturae
874 3761 964 3822 rlrab.
995 3761 1115 3844 origine
1144 3769 1177 3820 et
1204 3761 1335 3842 antiquis

194 3863 406 3935 monumentis,
436 3885 464 3943 p.
485 3860 558 3921 369.
609 3862 752 3940 Tyobser
780 3862 818 3921 de
853 3870 980 3942 poeseos
1002 3864 1127 3923 Arabum
1157 3864 1278 3944 origine
1305 3870 1337 3924 ot

194 3966 294 4026 indole
313 3964 471 4045 antiquiss.
497 3986 524 4044 p.
540 3961 612 4024 275.
634 3962 788 4023 Niabnbrii
808 3963 972 4046 coronatio
991 3964 1130 4038 Arabiae,
1153 3987 1183 4046 p.
1199 3965 1272 4026 los.

152 4080 208 4164 el)
230 4083 488 4167 llcngsteobasgii
505 4084 717 4164 prolegomena
733 4082 763 4140 in
776 4082 958 4169 Artnrlkaisi
974 4083 1169 4157 bloallalram,
1187 4081 1336 4163 [ιλ-Α.
