2904 4942
306 307 348 370 Dr
369 311 484 370 caterua
512 311 668 370 carminum
690 306 894 391 Hebroicerem
914 312 1018 408 {orma
1233 311 1297 373 229

73 471 114 537 ia⁴
130 470 328 537 carminibua
355 475 426 539 ania
448 475 551 568 juata
569 496 645 539 usca
674 473 776 539 initae
803 488 918 541 metro.
954 471 1011 537 ‚At
1039 491 1116 539 vero
1144 492 1297 561 perquam

70 589 248 654 verimmiie
269 601 337 669 eat,
367 611 471 673 neque
499 595 587 678 ipsos
610 591 755 659 Arabum
780 600 892 677 poetae
919 592 1150 676 antiquissimis
1167 607 1296 677 tempo-

68 707 160 772 ribus
183 723 288 773 metro
317 730 404 773 turer·
422 710 541 786 faiam
573 712 606 774 id
637 711 722 796 quoti
751 725 784 775 ct
805 710 1010 791 Araufadiur
1034 711 1068 773 in
1097 710 1295 793 praefatione

67 827 109 890 ad
134 848 211 893 anca
233 830 265 890 iu
284 826 470 910 Dantijy'at·
475 833 534 894 al·
543 813 708 895 Adrclrbm
726 831 989 906 commentarios,
1012 849 1072 890 nec
1088 849 1151 892 non
1167 826 1294 892 Drabe-

67 935 297 1009 &hrudim
287 967 321 1009 m
350 943 435 1010 libro
457 946 653 1028 Alacrior,
683 964 756 1032 cap
773 953 834 1023 49,
849 955 1048 1011 reatatnr¹⁰
1057 945 1096 1029 ¹)
1148 941 1292 1022 Accedit,

67 1062 191 1144 qnod
181 1083 215 1126 ro
247 1063 396 1128 veraibna
418 1066 589 1128 metiendis
615 1080 650 1129 et
669 1064 895 1142 Narrationis,
926 1084 1022 1150 quam
1051 1036 1180 1138 dicunt,
1209 1062 1291 1151 ratic

65 1176 240 1261 habeatur,
272 1203 353 1266 quae
369 1195 482 1246 tamen
504 1204 525 1246 a
544 1185 678 1246 aerioria
703 1185 777 1249 aevi
801 1184 1058 1268 grammaticior
1043 1185 1177 1251 incanta
1202 1194 1235 1245 et
1249 1183 1290 1247 in

64 1295 294 1363 mnu-torum
315 1294 576 1383 pronuntiatione
597 1300 740 1364 adhibita
762 1314 816 1366 eat
835 1301 918 1382 ¹⁰⁸).
962 1299 1066 1365 Porro
1088 1301 1150 1367 etri
1167 1320 1292 1385 magna

64 1417 198 1479 omnino
218 1418 302 1481 inter
315 1417 539 1483 Hebraeorum
551 1416 760 1503 Arabumque
783 1417 928 1503 linguam
946 1432 1041 1503 atque
1058 1419 1171 1503 poe‘ain
1189 1419 1291 1483 inter·

65 1532 159 1595 cedat
180 1539 347 1620 cognatio,
371 1550 476 1600 tamen
499 1539 532 1600 in
557 1533 721 1600 nonnuliia
742 1538 838 1620 etiam
858 1504 1181 1610 interioritatum
1202 1535 1291 1627 queri

63 1651 99 1712 in
129 1650 227 1717 robur
255 1657 418 1739 cognatio,
456 1675 560 1740 neque
590 1667 701 1718 tamen·
726 1654 859 1730 iisdem,
893 1674 1019 1737 semper
1054 1651 1124 1717 fieri
1158 1651 1287 1717 emolat.

61 1765 275 1834 Notiaaimum
297 1787 356 1849 eet,
377 1771 522 1837 Arabum
543 1781 656 1857 poetar
678 1774 712 1835 in
730 1769 926 1837 carminibus
947 1773 1015 1835 auia
1031 1768 1289 1870 homoeoteleuta

62 1885 235 1977 adbibere,
271 1908 353 1973 quae
383 1901 489 1971 tamen
519 1888 561 1953 ab
592 1889 816 1954 Hebraeorum
845 1887 1041 1954 carminibus
1072 1879 1130 1951 vei
1152 1893 1285 1955 omnino

61 2003 196 2086 desunt,
227 2004 296 2085 vel,
325 2009 354 2070 ai
375 2008 553 2087 adfuerint,
586 2011 664 2072 casu'
684 2012 808 2094 potina,
837 2005 1093 2093 qnamcouailio
1115 2010 1284 2091 irrepsisse
1302 1974 1313 1996 ἱ

60 2123 219 2187 videntur.
279 2122 388 2199 Quare
418 2146 583 2212 perperam
611 2127 751 2204 iaciunt,
789 2128 843 2211 qui
872 2146 913 2189 ex
944 2124 1077 2189 metrici
1106 2129 1283 2191 carminum

59 2239 274 2307 Arabicarum
298 2245 457 2308 structura
483 2244 656 2331 coliigunt,
685 2243 911 2311 Hebraeorum
932 2263 1057 2330 quoqne
1072 2247 1193 2329 ..poeria
1218 2265 1283 2308 me·
1380 2240 1384 2245 ’

59 2359 175 2425 tricare-
195 2355 305 2424 suinae.

581 2547 589 2577 ·.
620 2511 779 2580 CXXIV.

61 2645 63 2649 ·
111 2610 114 2614 ’
143 2608 318 2717 Supereai,
340 2620 523 2696 utiliorum
545 2519 1090 2718 phpenunmmsentenuem,1qut
1113 2614 1280 2696 Hebraeo*

55 2769 129 2814 rum
151 2751 313 2830 carmina,
331 2752 490 2832 justorum
514 2765 685 2815 metrorum
709 2749 845 2816 vinculis
865 2752 1042 2828 destituta,''
1056 2748 1203 2815 liberiori
1217 2748 1279 2814 alit·

56 2889 122 2955 quo
145 2888 298 2947 numero,
330 2871 399 2932 sive
427 2867 575 2952 rhythmo
604 2870 683 2932 ferri
710 2870 904 2933 existimant.
950 2866 1042 2943 Quae
1064 2871 1225 2932 sententia
1246 2880 1279 2931 et

55 2985 251 3050 ludaeorum
284 2983 467 3050 doctoribus
502 3009 595 3072 quam
628 2986 792 3072 piurimis,
830 3001 862 3051 et
893 3000 1020 3049 nostrae
1052 2988 1165 3050 aetatis
1199 2987 1277 3050 viria

54 3106 190 3168 eruditis
218 3104 359 3167 maxime
388 3094 551 3188 probatur.
602 3100 715 3188 Neque
746 3107 778 3169 id
805 3107 983 3185 immerito;
1011 3103 1163 3190 quidquid
1191 3106 1276 3167 euim

53 3225 200 3300 coneris,
230 3236 286 3284 aut
308 3228 494 3308 quocunque
517 3221 612 3285 modo
634 3216 702 3286 rem
724 3223 940 3308 adgredieris,
968 3225 1022 3286 vix
1045 3220 1174 3308 aliquod
1195 3224 1277 3306 justi

53 3343 149 3406 metri
169 3360 272 3426 genna
293 3343 327 3405 in
349 3339 570 3404 Hebraeorum
593 3343 682 3423 poe‘ai
700 3340 941 3426 deprehendea;
964 3354 1074 3403 contra
1096 3361 1172 3405 vero
1195 3362 1276 3426 quo-

54 3479 180 3543 cunque
206 3461 238 3522 in
262 3457 457 3524 carminibus
479 3442 651 3522 Hebraicis
672 3446 799 3522 oculum
821 3473 1006 3537 convertas,
1036 3456 1120 3522 nltro
1141 3456 1274 3521 liberior
1380 3520 1384 3525 .

98 3727 175 3808 105)
198 3730 355 3811 Spceimen
375 3730 520 3792 historiae
533 3731 662 3793 Arabum
678 3738 801 3792 auctore
815 3731 870 3791 Ed.
886 3728 1053 3803 Poeochio,
1068 3747 1107 3801 aa
1121 3727 1194 3788 edit.
1208 3727 1275 3788 ior.

139 3833 259 3905 white,
282 3828 398 3911 plac.
661 3818 667 3827 '
1025 3884 1027 3892 .

97 3932 174 4012 106)
195 3935 269 3994 vite
287 3934 492 3993 Eichbornii'
483 3953 513 3993 m
528 3927 646 3994 Joneeii
663 3917 891 3994 commentarios
914 3933 951 3992 de
967 3932 1056 4010 poe'ai
1068 3930 1204 3991 heiaticri
1221 3929 1273 3989 ob·

138 4036 340 4107 narrationes,
362 4057 389 4115 p
381 4034 460 4097 .61.
471 4035 583 4096 Jahnii
600 4036 867 4111 Grammaahrab
885 4032 1274 4114 praefat.p.iiV1‚Xiii;

139 4137 392 4217 cap.l‚p·ll.
