2904 4942
113 320 178 384 ιιο
425 280 450 371 Ῐ
571 321 645 382 mn
663 315 725 380 rm
764 320 836 399 cap.
855 321 882 381 ι.
951 362 954 369 ,

113 488 185 572 ipso
205 503 329 549 summa
349 492 485 571 poe‘seos
509 480 691 553 Hebraicas
711 483 899 572 simplicitas
921 488 1144 572 conspiciatur.
1189 484 1340 576 Namque

73 616 79 629 “
116 607 269 670 orationis
290 603 475 690 simplicitas
506 604 630 668 nou-tu
647 624 701 667 ‚eo
721 607 879 683 ceruituu,
909 619 944 669 ut
973 607 1165 670 sententiam
1198 603 1338 692 aliquam

116 725 282 811 projicias,
318 731 421 809 neque
443 743 555 802 cures,
584 736 691 788 utrium
714 723 859 788 audienti
881 721 932 786 vel
952 721 1072 810 legenti
1093 726 1173 791 satis
1195 727 1240 788 sit
1262 745 1338 810 pcr-

39 827 41 831 '
115 846 243 929 spicue,
275 863 315 904 au
344 843 465 915 minuar
496 851 606 906 contra
632 840 825 927 simplicitas
851 862 1083 926 semper‘cuus
1099 845 1337 929 'perspicuitate

26 1008 32 1015 -
115 963 268 1026 orationis
291 961 462 1042 conjuncta
487 972 547 1024 est.
596 961 667 1025 lam
693 982 773 1024 vero
789 959 952 1038 Hebraei,
980 962 1078 1024 sicuti-
1096 968 1209 1026 ornnes
1235 962 1337 1051 bomi-

115 1104 172 1147 nes
195 1076 464 1163 simpliciorem
483 1076 724 1168 definitionibus
741 1080 842 1164 'atquc
861 1078 1199 1158 demonstrationibus,
1224 1079 1336 1165 quibus

115 1202 262 1264 notiones
285 1209 378 1280 atque
401 1198 580 1259 sententiaa
603 1195 760 1261 illustrari
787 1165 979 1281 probarique
998 1193 1122 1275 solunt,
1145 1196 1335 1262 alienissimi

115 1330 208 1398 sunt;
239 1336 340 1399 neque
364 1316 395 1378 id
417 1336 518 1400 genus
541 1317 753 1399 expositionis
774 1318 912 1380 orationi
934 1317 1080 1398 poeticus
1102 1320 1236 1380 omnino
1259 1339 1335 1380 con·

115 1440 247 1500 veniret.
307 1429 401 1507 Quod
423 1435 521 1516 igitur
542 1438 679 1521 pictores
700 1431 823 1511 solent,
847 1435 902 1518 qui
922 1431 1053 1522 tabulas
1070 1455 1144 1498 suas
1177 1434 1243 1498 buc
1263 1433 1336 1500 illuc

113 1566 262 1631 vertunt,
286 1564 321 1615 ut
339 1528 598 1614 commodissimd
610 1550 941 1628 lucc-colbrstrentur,
964 1553 1051 1615 idem
1065 1565 1098 1614 ct
1112 1551 1335 1617 Hebraeorum

114 1681 227 1759 poetae
250 1669 390 1746 faciunt,
422 1659 555 1731 eandem
585 1690 699 1755 nempe
728 1672 920 1735 seutentiam
943 1670 1082 1733 diversit
1102 1671 1206 1732 modis
1230 1672 1336 1754 expri-

102 1802 222 1866 munt,
241 1810 308 1874 quo
334 1788 436 1871 magis
461 1789 500 1850 eri
521 1788 646 1851 ratione
666 1785 844 1869 illustretur
865 1803 960 1873 atque
982 1786 1200 1855 eorabsmetur.
1224 1784 1334 1872 Neque

114 1907 172 1973 illa
202 1908 356 1990 ejusdem.
377 1877 557 1970 sententiaa
588 1909 744 1991 repetitio·
769 1910 923 1971 orationis
944 1923 1088 1971 ,sexum
1116 1904 1244 1984 turbat,
1284 1919 1335 1970 aut

114 2025 213 2092 ullam
235 2024 348 2089 lectori
370 2023 549 2089 molestiam
571 2023 724 2099 exbibat3
754 2036 865 2088 contra
888 2046 959 2088 cum
982 2020 1186 2107 symmetriae
1208 2023 1333 2110 legibus

115 2148 265 2210 adstricta
288 2146 347 2220 sit,
366 2144 600 2239 jucundissima
623 2143 748 2205 videtur
768 2147 831 2223 ⁸⁸).
874 2141 960 2206 llinc
982 2142 1130 2220 eflicitur,
1153 2142 1334 2228 parallelis·

114 2285 201 2332 mum
224 2272 434 2345 synonymum
458 2260 613 2323 orationis
641 2262 785 2345 poeticas
814 2256 1019 2354 simplicitati,
1038 2281 1240 2345 nequaquam
1263 2260 1332 2326 olfi-

115 2403 199 2446 ccre.
243 2377 356 2464 Neque
379 2377 728 2455 tameuinfitiarrdum,
751 2378 890 2440 seriores
913 2376 1134 2441 Hebraeorum
1159 2389 1271 2461 poetas
1292 2381 1330 2444 ab

115 2500 327 2585 antiquiorum
343 2489 760 2580 simplicitate'aliquautum
783 2497 972 2569 descivisse;
994 2498 1027 2571 id
1044 2497 1126 2580 quod
1144 2497 1184 2559 de
1202 2501 1332 2562 serioris

115 2620 188 2681 aevi
213 2615 393 2701 prophetis,
421 2617 562 2678 maxima
584 2634 661 2676 vero
684 2614 724 2676 de
745 2612 924 2677 Ezccdicle
944 2615 1218 2698 praedicatam,
1243 2620 1332 2700 cujus

58 2730 62 2749 '
114 2733 231 2819 stylum
261 2733 346 2810 baud
373 2755 446 2796 raro
475 2733 689 2812 adfectatum,
716 2731 903 2821 occlusum,
938 2731 1332 2814 nimiisque-ornamentis

114 2853 310 2920 cumulatum
331 2852 562 2938 deprehendes·
661 2824 666 2837 l

630 3023 659 3100 §0
687 3019 814 3086 LXVI.

97 3195 99 3197 ·
199 3157 346 3221 Alterum
366 3156 492 3221 dicendi
514 3177 633 3243 genus,
665 3158 699 3220 in
720 3155 943 3220 Hebraeorum
973 3155 1169 3221 carminibus
1191 3156 1332 3240 obvium,

115 3281 347 3363 sententiosum
370 3288 435 3359 est,
458 3277 540 3362 quod
564 3298 634 3340 cum
657 3278 775 3361 priori,
810 3272 948 3357 simplici
971 3294 1083 3357 nempe
1090 3319 1102 3353 ,
1135 3280 1330 3361 conjunctis,

114 3399 231 3462 simum
239 3441 248 3472 ,
271 3397 337 3457 imo
360 3415 400 3458 ex
424 3391 480 3457 illo
503 3395 657 3479 originem
682 3395 819 3495 tpaxisse
841 3391 975 3469 videtur.
1019 3384 1132 3457 Solent
1151 3399 1256 3479 enim,
1281 3399 1332 3486 qui

114 3513 252 3601 simplici
275 3526 404 3576 utuntur
428 3534 593 3591 sermone,
616 3510 730 3576 breves
754 3533 836 3605 esse,
859 3530 961 3595 neque
976 3515 1116 3595 periodis
1138 3504 1333 3601 artificiosis,

115 3633 171 3711 sed
203 3635 369 3696 sententiis
400 3630 514 3695 leviter
542 3635 625 3696 inter
660 3651 694 3693 se
723 3629 877 3692 connexis
906 3630 1006 3709 animi
1033 3602 1147 3707 sensus
1177 3636 1335 3718 proferre.

22 3766 33 3795 ⁸
115 3748 189 3817 Hoc
208 3752 335 3815 dicendi
361 3770 481 3837 genere
504 3749 701 3834 antiquitatis
721 3747 920 3832 potissimum
940 3751 1099 3835 sapientes
1121 3752 1172 3814 usi
1202 3769 1280 3817 sunt
1303 3757 1333 3817 iu

117 3955 315 3967 ..αα-...ι’

159 4055 215 4138 86)
246 4061 292 4119 lle
329 4056 522 4138 parallelisnri
561 4052 672 4133 politici
709 4055 809 4114 indole
846 4056 966 4114 uberius
1004 4034 1225 4134 disputabimus.
1254 4060 1337 4123 inlrs

132 4190 135 4197 ·
175 4168 181 4175 '
199 4169 286 4240 parte
309 4162 377 4234 W,=
393 4159 443 4219 ubi
467 4159 504 4219 de
517 4157 650 4216 oximus
669 4158 835 4217 carminum·
852 4157 1065 4240 llabruicorunr
1095 4158 1199 4218 lormi-
1213 4169 1338 4242 agutur.
