2904 4942
117 336 178 398 m
558 331 880 409 mmmm

81 482 84 485 ’
116 520 187 568 rust
213 499 387 585 inperium,
408 517 510 583 usque
534 494 660 571 floruit3
690 498 912 562 recentiorem·
933 496 1047 562 contre
1073 496 1235 576 dicimus,
1256 515 1343 581 quse

114 615 347 706 posterioribus
376 617 480 703 viguit
507 615 713 701 temporibus.
764 609 917 680 Veterem
944 612 1035 681 illem
1055 611 1201 679 Arabum
1225 614 1341 699 poesin

11 776 13 781 >
113 740 147 802 in
171 737 256 819 buno
277 736 406 800 modum
429 735 630 798 commendat
646 713 801 797 Recedite
819 739 893 816 οὓς
915 731 1001 812 „illa
1026 743 1147 796 vetusta
1169 743 1220 796 est
1242 752 1342 816 grau·

114 857 184 934 dis,
206 874 342 934 sonora,
363 849 521 929 mascula,
545 849 704 926 sublimis,
728 872 876 930 nervosa,
897 853 1067 936 spirituum
1090 847 1204 934 pletis,
1230 850 1348 934 ignea,

58 987 64 998 ·
113 970 278 1036 bominum
294 959 410 1054 quippe
423 967 616 1047 liberorum,
638 971 885 1054 campestrium,
904 973 958 1055 qui
975 950 1139 1034 domiuum
1153 988 1220 1030 uon
1237 986 1342 1051 ogno-

5 1096 9 1114 ¹
113 1089 264 1165 scebant,
289 1103 423 1173 quonum
446 1085 629 1172 simplicem*
644 1090 767 1173 ingenii
790 1087 987 1174 subagrestis
1006 1101 1038 1150 et
1055 1084 1233 1171 αὖτοφιιοῖις
1255 1085 1341 1148 iaro-

114 1208 198 1272 ciam
221 1204 345 1269 urbana
366 1210 521 1270 severitus
552 1226 615 1268 nou
643 1205 799 1291 fregerat,
828 1227 891 1270 nou
921 1205 1114 1270 erudiverat.
1157 1202 1340 1268 Auctore·

114 1323 173 1390 illc
194 1345 324 1387 suorum
355 1335 411 1386 aut
433 1344 558 1387 amores
581 1324 668 1388 cauit
689 1339 721 1388 et
743 1324 902 1403 camelos,
934 1344 1035 1408 eoque
1065 1324 1216 1398 nomine,
1247 1323 1277 1384 si
1300 1319 1340 1383 ad

113 1437 213 1507 ullum
236 1439 364 1526 aliquod
385 1462 487 1527 genus
505 1442 618 1505 referri
638 1440 734 1505 debet
748 1464 786 1506 ac
803 1454 923 1528 potest,
944 1443 984 1505 ad
999 1437 1179 1504 bucolicum
1196 1448 1339 1524 spectet3

114 1562 287 1625 autetiam
311 1556 457 1622 bellicam
480 1558 698 1624 fortitudinem
729 1575 761 1623 et
783 1582 889 1641 erma,
917 1573 950 1623 et
977 1557 1145 1638 liberalem
1169 1576 1252 1640 erga
1280 1553 1339 1617 bu·

114 1681 215 1765 spites
237 1679 415 1741 comitatem
440 1689 604 1742 auctorum
628 1676 778 1741 celebrat.
810 1676 929 1742 Omnia
942 1677 1141 1754 libertatem,
1163 1645 1346 1737 amabilem

39 1839 46 1861 ι,
66 1827 80 1841 ²
94 1776 97 1782 V
113 1793 367 1890 simplicitatem,
388 1815 579 1880 generosum
603 1798 764 1873 animum,
787 1816 885 1860 verae
907 1794 1029 1882 gloriae
1044 1794 1237 1880 flagrantem
1255 1791 1337 1874 igni·

41 1922 44 1927 ’
113 1913 195 1993 bns,
217 1915 398 1997 irarumque
414 1915 632 1998 pertinacem,
660 1914 799 1997 spirant,
821 1927 1064 1997 monstrantque
1085 1883 1191 1989 clare,
1215 1910 1337 1994 primos

112 2031 173 2096 bos
195 2030 340 2109 Arabes,
370 2032 399 2095 si
429 2049 521 2094 veras
549 2028 639 2114 leges
663 2033 742 2094 artis
771 2036 932 2119 poeticae,
962 2033 1106 2116 epicique
1128 2029 1284 2093 carminis
1306 2037 1337 2089 et

68 2143 298 2235 '=tragoedi,ae
316 2150 500 2240 novissent,
533 2161 622 2210 certo
651 2128 769 2211 certius
800 2169 864 2211 nou
885 2148 1024 2212 suturam
1051 2147 1154 2211 fuisse
1182 2145 1245 2210 sub
1268 2142 1336 2208 sole

111 2279 260 2354 gentem,
289 2253 369 2351 quae
398 2264 473 2329 illos
504 2278 712 2348 conceptuum
738 2265 936 2331 sublimitate
963 2281 995 2330 et
1014 2265 1136 2353 eloquii
1164 2265 1335 2345 majestate

110 2388 311 2468 superaret.“
334 2422 373 2434 -
396 2383 447 2446 Ex
465 2382 554 2446 hisee
575 2385 638 2445 viri
658 2385 835 2448 doctissimi
854 2384 980 2465 verbis,
1003 2383 1117 2469 quibus
1138 2381 1222 2447 nulli
1244 2379 1335 2447 dubi·
1381 2443 1384 2450 ,

110 2516 216 2568 tamus
244 2502 417 2579 accedere,
442 2497 628 2585 intelligas,
658 2505 831 2588 antiquiori
858 2501 906 2567 illi
929 2501 1071 2566 Arabum
1100 2504 1193 2584 potiti
1222 2521 1350 2565 omnes.

54 2603 57 2609 ’
110 2619 180 2685 lere
212 2621 361 2696 virtutes,
404 2639 483 2704 quas
517 2618 557 2681 de
586 2618 808 2685 Hebraeorum
840 2623 931 2706 poesi
960 2618 1237 2705 praedicavimus,
1274 2617 1335 2680 etsi

111 2738 240 2804 diversit
260 2734 458 2820 aliquantum
481 2737 622 2815 ratioue,
651 2740 836 2803 convenire.
881 2736 976 2814 Quod
1004 2738 1032 2800 si
1060 2736 1159 2820 igitur
1187 2750 1333 2798 veterum

110 2855 241 2921 illorum
264 2857 439 2919 carminum
462 2852 598 2937 stylum,
630 2857 670 2919 de
692 2877 754 2941 quo
777 2856 830 2920 bic
850 2853 914 2919 loci
935 2854 1030 2918 nobis
1050 2854 1233 2939 agendum,
1264 2872 1335 2937 spe·

111 2975 377 3057 ctemus,·primo
399 2956 571 3036 amabilem
583 2971 698 3054 iilum,
730 2995 824 3059 quem
845 2975 922 3039 dicit
944 2972 1116 3048 Reiske'us,
1138 2973 1335 3055 simplicitu-

111 3101 176 3159 iest
197 3089 484 3177 deprehendemus.
529 3087 733 3175 Conspicitur
753 3103 860 3154 auteur
882 3088 1069 3174 simplicitas
1091 3086 1149 3151 illa
1171 3102 1206 3153 et
1228 3092 1264 3154 in
1282 3112 1334 3154 ar-

110 3211 272 3298 gumenti,
313 3207 395 3293 quod
429 3209 629 3272 tractandum
658 3209 721 3272 sibi
748 3223 877 3272 sumunt
906 3207 1048 3271 Arabum
1077 3215 1211 3290 potitae,
1246 3206 1334 3273 facili

103 3328 339 3413 dispositione,
361 3338 394 3387 et
414 3327 448 3387 iu
473 3325 662 3404 verborum,
691 3325 806 3412 quibus
827 3346 942 3390 sensus
963 3320 1163 3408 exprimunt,
1195 3325 1333 3412 simplici

109 3445 280 3510 structuri.
323 3443 359 3507 lu
381 3464 488 3509 rerum
511 3445 745 3508 tractandarum
765 3444 990 3526 dispositione,
1013 3445 1073 3506 etsi
1092 3444 1332 3510 diversissimae

1 3640 4 3650 y
109 3562 192 3639 sint,
216 3559 301 3624 baud
321 3558 420 3625 ullum
443 3564 583 3626 cernitur
602 3541 791 3636 artificium
815 3563 908 3624 sicuti
925 3580 1067 3650 quaeque
1082 3563 1199 3645 podtae
1223 3566 1332 3628 animo

110 3700 183 3744 sese
205 3677 320 3756 offert,
349 3679 413 3754 ita,
443 3694 614 3763 praerupto
639 3677 724 3742 baud
754 3698 828 3741 raro
850 3680 1004 3756 transitu,
1035 3681 1235 3743 iu‘medium
1260 3704 1333 3767 pro-

110 3795 257 3862 trahitur.
301 3794 459 3880 Exempl'a
478 3795 579 3861 habes
601 3798 634 3859 in
658 3795 854 3860 carminibus
875 3794 960 3875 illis,
983 3817 1065 3880 quas
1087 3795 1333 3867 Monaesum

111 3916 498 4001 uomineiusigniuntur,
529 3935 663 4000 quorum
692 3929 838 3979 suctores
864 3916 932 3997 jam
954 3917 1075 3977 amicae
1103 3934 1181 3991 suae
1210 3939 1334 3984 memo·

156 4151 210 4234 90)
235 4153 269 4213 ln
289 4153 427 4214 oratioue
447 4154 492 4213 de
506 4152 606 4230 studio
629 4152 753 4236 liuguae
774 4152 941 4224 Arabicae,
969 4173 996 4231 p.
1018 4149 1090 4214 261.
