2904 4942
371 311 413 370 Dr
432 311 541 387 oripitu
561 320 587 369 st
607 312 699 369 cousin
718 317 827 388 priseos
848 313 993 373 Arabicae.
1250 316 1292 378 tr
1344 357 1354 378 ι

67 488 166 561 stque
188 476 373 562 cognitione
397 489 524 541 cataros
546 472 791 556 antecellerent,
828 479 1005 564 priscorum
1035 491 1211 565 temporum
1240 504 1293 552 res

66 592 313 672 memorabiles,
334 593 571 680 illustriumque
593 596 734 658 virorum
758 592 919 678 praeclara
937 594 1021 660 iacta
1038 598 1203 685 dictaque,
1226 604 1293 668 imo

69 717 169 779 otiam
191 710 316 778 fabulas
337 710 431 777 fictas
453 713 493 776 ad
510 711 718 779 oblectandos
740 714 920 777 auditorum
942 716 1066 780 animos
1088 718 1292 784 enarrabant.

66 834 267 898 Procedente
296 844 439 917 ternpore
469 829 654 915 huiusmodi
683 833 884 897 narrationes
909 852 973 897 non
996 846 1117 899 tautum
1139 836 1172 899 in
1195 837 1291 902 iami-

63 949 201 1015 liaribus
228 947 295 1013 illis
323 947 544 1028 consessibus,
584 968 696 1013 rerum
718 950 814 1013 etiam
835 952 868 1014 iu
892 949 1028 1034 publicis
1051 952 1191 1017 tribuum
1215 975 1293 1019 cun·

65 1069 217 1133 vantibus
243 1065 350 1131 locum
377 1066 565 1149 obtinuere,
604 1069 791 1153 inventique
819 1081 894 1132 suot
921 1065 1085 1147 homiues,
1120 1074 1174 1155 qui
1202 1075 1291 1147 omni

69 1189 175 1252 studio
203 1189 238 1250 in
268 1186 301 1249 id
331 1183 583 1262 incumbebant,
625 1196 660 1246 ut
685 1186 839 1268 jucundis
869 1184 1106 1250 narrationibus
1138 1189 1291 1274 populum

65 1308 257 1371 detinerent.
309 1303 406 1368 Hunc
434 1324 555 1367 morem
584 1301 626 1366 ad
655 1303 826 1367 excitanda
853 1311 991 1388 poiseus
1019 1305 1125 1368 studia
1155 1307 1290 1375 multum

65 1423 226 1503 valuisse,
254 1422 351 1487 facile
368 1437 421 1487 cst
444 1419 618 1486 intellectos
671 1417 851 1484 Utebantur
882 1422 1009 1508 quidem
1039 1437 1220 1491 narratores
1242 1425 1291 1493 illi

64 1560 101 1611 ut
121 1524 296 1635 plurimbm
317 1563 466 1607 sermone
489 1541 648 1627 pedestri3
685 1539 743 1603 sed
764 1541 1012 1626 quotiescunque
1036 1538 1290 1610 vehementiores

63 1665 211 1728 adiectus
240 1661 441 1746 exprimendi
471 1670 580 1738 eraut,
613 1677 719 1720 sermo
748 1654 842 1721 altius
869 1658 1075 1744 insurgebat,
1113 1664 1290 1745 pob'ticum·

62 1803 128 1868 que
155 1778 310 1845 induebat
338 1775 489 1842 colorem.
547 1774 641 1851 Quod
672 1776 776 1859 primo
805 1777 906 1859 ipsius
936 1777 985 1839 rei
1014 1791 1128 1840 natura
1158 1802 1290 1864 poscere

64 1897 255 1976 videbatur,
297 1917 412 1981 nempe
444 1872 688 1981 utaliquando
720 1894 881 1976 poiticum
915 1889 1056 1957 colorem
1088 1913 1289 1963 narratorum

64 2014 197 2081 illorum
217 2016 321 2080 oratio
344 2015 509 2092 indueret,
537 2013 570 2076 id
592 2026 703 2097 postea
725 2012 759 2074 iu
780 2025 881 2075 artem
905 2011 997 2077 abiit.
1046 2010 1193 2100 Namque
1215 2017 1290 2082 dati

59 2136 163 2220 opera
185 2129 353 2210 versiculi,
391 2133 456 2196 imo
479 2133 576 2195 etium
599 2132 741 2194 carmina
768 2126 932 2217 longiora,
970 2130 1087 2217 quibus
1115 2133 1290 2201 admodum

63 2250 305 2317 delectabantur
325 2248 468 2327 Arabes,
491 2245 732 2314 narrationibus
756 2248 820 2313 illis
842 2251 963 2313 inserta
977 2248 1087 2313 'fuera
1130 2250 1238 2327 Quare
1260 2256 1290 2319 si

60 2371 133 2457 quis
156 2371 331 2432 narratoris
354 2381 461 2452 partes
483 2369 642 2432 sustinere
667 2363 781 2445 vellet,
820 2369 951 2433 omuino
981 2382 1014 2432 et
1038 2370 1126 2454 puisi
1148 2351 1287 2457 aliquam

59 2505 194 2575 operam
218 2460 337 2550 uarar'e
361 2483 515 2564 debebat,
550 2496 587 2571 ut
608 2480 746 2549 solutam
771 2489 964 2551 narrationis
990 2489 1166 2551 orationem
1195 2492 1288 2575 grati

59 2608 133 2670 vico
150 2602 345 2669 carminibus
365 2618 472 2688 possut
487 2605 696 2689 distinguere.
739 2602 905 2679 Quaenam
923 2604 1143 2668 narrationum
1158 2605 1286 2671 illarunt

59 2724 159 2788 fucrit
179 2723 281 2802 ratio,
302 2719 466 2808 intelligas
489 2744 530 2787 ex
552 2720 776 2803 Humadunt's',
798 2722 938 2787 Harirt's'
956 2718 1155 2808 aliorumque
1176 2738 1286 2789 aucto-

57 2864 132 2907 ruus
152 2838 366 2906 Arabicorum
388 2839 610 2920 consessibus,
632 2843 687 2924 qui
703 2842 743 2904 ad
760 2841 897 2906 formam
917 2840 1134 2903 narrationum
1156 2838 1284 2907 illarum

60 2962 232 3045 compositi
253 2973 337 3024 suut.
387 2956 533 3023 Maxime
556 2978 651 3035 vero,
688 2962 757 3024 sive
783 2958 936 3030 formam,
970 2956 1039 3020 sive
1061 2974 1282 3042 argumentum

59 3080 233 3163 respicias,
269 3079 488 3143 narrationum
516 3074 644 3141 illarum
666 3070 809 3139 indolem
831 3073 930 3138 refert
952 3074 1107 3140 Asturae
1130 3075 1283 3160 dicterio,

46 3230 128 3315 j&
152 3194 236 3307 lidi,
259 3252 353 3316 qoam
377 3252 419 3296 ex
442 3230 599 3315 ejusmodi
621 3227 875 3308 narrationibus,
894 3230 964 3312 jam
986 3240 1060 3292 ante
1081 3228 1281 3311 Medioneme-

58 3365 133 3433 dcss
160 3364 348 3442 celebratis,
389 3365 529 3431 Horunc
557 3362 763 3429 Arrusclu'do
792 3379 825 3429 ut
853 3365 1010 3430 Mamurra
1039 3365 1280 3451 imperantibus,

56 3483 199 3571 animine
228 3480 284 3547 ille
315 3480 499 3568 philologus
529 3495 561 3547 et
589 3492 684 3569 poe‘ta
707 3483 828 3547 Aemus·
853 3462 1064 3547 concinnavit.
1117 3482 1279 3559 Quantum

55 3620 137 3663 uero
160 3600 398 3666 narrationibus
420 3600 485 3666 illis
507 3598 631 3665 Arabes
653 3599 773 3665 {uelint
795 3597 961 3679 delectati,
984 3597 1078 3665 iucilo
1101 3602 1176 3665 inde
1199 3623 1279 3666 cou-

51 3719 170 3803 jicius,
204 3720 287 3805 quod
318 3721 457 3784 nondum
487 3718 629 3786 stabilito
652 3716 832 3783 lslamismo
853 3740 908 3782 aas
931 3715 982 3781 rel
1003 3720 1106 3803 ipsius
1127 3718 1279 3785 Modout-

53 3835 159 3901 ueds's
187 3836 327 3902 oraculis
354 3837 589 3921 anteferrent„
621 3837 730 3914 Quare
761 3836 985 3917 Mobamurcd,
1020 3833 1106 3902 haud
1133 3840 1276 3924 ignarus,

54 3956 256 4035 narrationes
275 3952 350 4018 illas
371 3956 535 4019 doctrinae
554 3976 633 4019 suae
650 3954 785 4020 multum
807 3957 986 4034 oblaturas,
1011 3968 1187 4021 mutatores
1202 3978 1279 4020 suos

53 4067 128 4156 plus
148 4055 290 4158 simplici
313 4075 383 4137 eice
404 4076 438 4137 in
462 4069 623 4138 Alcorano
645 4082 773 4153 monet,
796 4097 837 4141 oe
856 4075 1016 4161 ejusmodi
1038 4073 1276 4141 narrationibus
