2904 4942
184 245 226 352 lto
247 302 409 368 orpvmevto
430 294 599 370 divertitque
616 245 770 369 umerum
782 294 939 353 carminum
960 293 1172 354 Hedroimrvm.
1250 295 1291 357 ut

56 442 226 559 Habrpieo
250 457 435 534 umbilicum
459 459 499 523 ad
521 460 623 523 instar
644 458 776 524 crateris
795 458 951 532 rotundi,
991 478 1208 544 mammasqua
1232 480 1289 544 ge-

56 574 165 643 mellis
196 577 345 642 dorcadis
374 575 498 642 similes
535 575 662 640 tribuit
717 577 808 641 Haec
845 591 878 641 et
907 573 1025 640 similia
1057 579 1164 641 minus
1200 592 1288 655 uerte
1352 624 1358 639 ‚

59 696 246 774 offendent,
276 697 304 759 si
327 698 446 761 amoris
468 694 601 761 hnmani
621 697 740 782 gaudia
761 696 794 759 iu
818 700 948 760 cantico
971 701 1171 760 canticoram
1193 716 1288 780 prae·

59 814 161 879 dicari
180 827 314 878 statuas.

569 1023 599 1099 i.
628 1015 774 1083 XXXII.

145 1170 315 1257 Expositis
340 1172 410 1255 jam
439 1173 638 1250 rationibus,
677 1170 794 1255 quibus
825 1184 857 1234 et
886 1173 1040 1254 mysticas
1074 1182 1106 1233 et
1137 1171 1285 1253 proprius

55 1295 188 1354 cantici
201 1297 401 1373 ponticarum
416 1312 532 1355 sensus
549 1288 634 1354 solet
647 1288 884 1366 commendari,
908 1302 1072 1372 superest,
1094 1299 1128 1350 ut
1143 1302 1283 1351 nostram

55 1408 89 1470 iu
120 1405 220 1469 dubia
242 1406 302 1472 hae
324 1430 359 1472 ra
380 1409 578 1494 proferamus
600 1409 803 1470 sententiam.
847 1403 917 1470 Nos
940 1409 1066 1492 quidem
1089 1407 1220 1469 omnino
1243 1408 1286 1470 iis

56 1525 259 1605 accedimus,
296 1528 349 1612 qui
380 1530 539 1591 canticum
578 1524 640 1588 hoo
669 1528 796 1610 proprie
831 1525 1105 1610 interpretandam
1141 1535 1285 1587 censent.

57 1639 208 1728 Namque
230 1645 369 1707 inomni
390 1645 620 1729 interpretandi
645 1645 775 1736 negotio
799 1664 869 1707 eam
893 1641 998 1728 legem
1021 1656 1121 1705 ratam
1141 1640 1287 1704 firmam·

58 1782 122 1846 qua
144 1760 320 1838 habemus,
362 1784 424 1827 uon
447 1783 520 1826 etse
540 1752 773 1826 deflectendum
795 1782 815 1824 a
837 1763 964 1845 proprio
994 1760 1148 1823 orationis
1174 1779 1284 1834 sensu,

56 1880 122 1942 nisi
144 1882 354 1964 gravissimae
377 1892 512 1966 urgeant
535 1901 671 1958 causae,
706 1900 783 1962 quas
806 1893 913 1942 tamen
938 1881 971 1942 in
996 1879 1119 1941 cantico
1145 1878 1287 1938 cantion*

61 2019 133 2061 rom
153 1993 258 2061 locum
282 1997 402 2062 habere
424 2018 489 2062 non
513 1999 668 2061 videmus.
714 1994 823 2072 Quare
839 2019 882 2061 ax
898 1997 1009 2061 nostrai
1027 1995 1186 2058 sententia
1202 2014 1287 2056 non-

60 2117 123 2178 nisi
146 2113 277 2178 humani
301 2114 425 2200 puellae
448 2131 479 2181 et
501 2115 732 2185 adolescentuli
756 2118 969 2202 depinguntur
992 2136 1137 2191 amores,
1160 2125 1192 2176 et
1215 2114 1287 2197 qui-

58 2237 133 2299 dem
161 2237 195 2297 in
226 2232 311 2297 hunc
342 2234 409 2297 iere
441 2237 593 2300 modum:
629 2230 743 2298 Puella
769 2237 888 2297 rustica
918 2229 1149 2295 adolescentuli
1178 2228 1287 2295 dilecti

58 2351 230 2439 amplexus
253 2352 435 2430 desiderat,
459 2357 663 2439 quaeritque,
686 2352 741 2416 nbi
763 2351 907 2417 locorum
931 2371 1047 2436 greges
1067 2370 1143 2412 suos
1162 2359 1286 2432 pascat.

57 2468 246 2554 Respondet
269 2469 537 2550 adolescentulus,
561 2469 696 2555 puellam
720 2492 853 2556 gregum
878 2474 1014 2557 vestigia
1036 2471 1128 2553 sequi
1148 2466 1285 2549 jubens3

56 2586 208 2654 laudibus
230 2588 323 2649 effert
345 2586 472 2671 puellae
495 2603 714 2667 venustatem,
744 2593 950 2675 vicissimque
972 2611 991 2652 a
1015 2585 1127 2672 puellis·
1143 2581 1286 2648 celebra·

58 2721 122 2772 tur.
167 2703 280 2769 Puella
302 2703 531 2771 adolescentuli
557 2727 667 2771 vocem
688 2709 794 2784 audit,
822 2729 957 2792 eumque
978 2714 1103 2769 mont‘es
1125 2699 1287 2786 collesque

56 2825 270 2909 trajicientem
293 2826 462 2904 accedere,
484 2827 615 2910 jamque
630 2826 756 2889 adstare
773 2828 869 2891 videt.
912 2824 1029 2887 Invitat
1049 2819 1187 2905 puellam
1209 2817 1289 2897 ado-

58 2940 273 3022 lescentulus,
307 2957 341 3007 ut
362 2963 399 3007 se
419 2959 586 3027 sequatur,
610 2941 756 3028 pluviosa
777 2965 847 3008 eum
870 2941 1085 3029 praeterldpsa
1107 2941 1148 3001 sit
1169 2937 1287 3015 hiems,

58 3081 296 3147 amoenumque
333 3065 417 3126 veris
453 3075 579 3146 tempus
614 3063 791 3126 advenerit.
849 3060 962 3126 Puella
998 3072 1092 3124 nocto
1125 3055 1286 3127 desiderio

58 3177 291 3243 adolescentuli
310 3183 451 3265 capitur,
476 3183 577 3266 surgit
597 3201 614 3243 e
632 3179 730 3245 cubili
748 3178 924 3267 urbemque
941 3191 1110 3265 peragrat,
1135 3171 1287 3236 dilectum

60 3319 238 3384 quaerens;
279 3318 371 3382 quem
400 3312 568 3384 postquam
597 3276 736 3378 invenit,
767 3303 799 3363 in
824 3301 1033 3363 matrissuae
1058 3291 1209 3360 conclave
1230 3289 1288 3352 de-

60 3416 160 3482 ducit.
210 3416 431 3480 Vividissimis
454 3418 559 3480 denuo
582 3417 744 3482 coloribus
774 3416 960 3481 adolescens
983 3414 1108 3501 puellae
1137 3407 1288 3474 describit

58 3534 345 3620 pulchritudinem
375 3536 569 3600 invitatore
593 3534 719 3620 puelli,
750 3549 785 3599 nt
804 3538 905 3621 ipsam
927 3538 1064 3612 invisat,
1094 3534 1147 3597 cui
1169 3524 1287 3593 invita·

59 3656 143 3718 tioni
165 3676 201 3718 so
224 3654 515 3737 obtemperaturum
535 3648 715 3739 pollicetur.
768 3654 853 3719 Petit
877 3669 975 3719 noctu
997 3654 1127 3717 domum
1149 3644 1286 3734 puellae,

60 3775 179 3836 ostium
202 3769 325 3856 pulsat,
359 3772 527 3836 intromitti
552 3777 703 3859 cupiens!;
739 3796 848 3839 verum
872 3771 992 3859 puella,
1029 3789 1142 3834 somno
1165 3766 1286 3851 gravis,

44 3977 50 3988 .
75 3911 151 3955 ores
179 3893 304 3974 aperire
331 3904 454 3967 cessat,
492 3892 594 3957 donec
616 3915 725 3958 morae
747 3907 912 3979 pertaesus
934 3889 1121 3955 adolescens
1144 3884 1289 3950 discedit.
1399 3932 1408 3947 .

61 4006 193 4093 Apertia
227 4010 362 4072 tandem
391 4005 516 4075 foribus
549 4010 604 4075 ubi
639 4011 789 4077 dilectum
822 4013 1011 4077 discessisse
1047 4010 1136 4073 videt
1168 3998 1289 4089 puella,

60 4125 160 4193 domo
181 4126 364 4213 egreditur,
388 4128 562 4214 urbemque
584 4142 794 4219 pervagatur,
818 4128 1090 4198 adolescentulum
1113 4122 1288 4208 requirent·

982 4255 1001 4316 it

1138 4504 1345 4751 Γ
