2904 4942
111 263 159 330 1v
229 310 234 322 .
417 338 423 353 Ι
498 263 907 344 ῬναοΙαὶία

110 460 181 552 p're
208 452 347 548 ingenii
373 452 626 549 propensione
651 453 692 524 in
729 452 872 525 deliciis
897 475 1044 550 semper
1070 452 1194 540 fuere,
1230 475 1335 526 occa-

93 608 257 705 'sienem
284 605 451 679 oblatam
487 604 590 677 haud
626 604 1002 703 praetermittendam
1037 627 1116 676 esse
1142 603 1335 696 duximus,

62 844 66 849 ¹
115 758 226 854 quin,
260 755 349 855 quid
376 757 531 831 valeant
556 714 721 846 bumari,
759 756 846 855 quid
873 757 970 830 ferre
1000 768 1192 845 recusent,
1224 760 1265 830 in
1292 758 1337 830 ed

31 926 37 937 ’
69 994 72 1003 Ι
112 904 295 981 solvenda
335 909 605 1005 experiremur.
672 903 723 981 Ut
765 920 892 980 autem
933 911 1090 1004 poeseos
1123 908 1334 983 Hebraicae

113 1071 224 1155 atque
264 1057 452 1132 Arabicae
500 1082 704 1133 censensus
744 1056 1018 1155 discrimenque
1059 1020 1123 1131 ad
1149 1060 1333 1156 liquidum

112 1210 268 1309 perduci
294 1223 439 1307 posset,
474 1224 635 1308 quatuor
660 1235 749 1310 prae
776 1212 907 1284 ceteris
933 1222 1126 1285 momenta
1151 1211 1333 1286 videban-

113 1374 176 1435 tur
200 1362 455 1459 expleranda:
488 1366 680 1461 utriusque
712 1387 849 1459 nempe
883 1328 1039 1459 peiisecs
1073 1364 1193 1457 erige,
1226 1387 1334 1459 argu-

113 1527 306 1605 mentum,
339 1516 478 1608 stylus,
510 1528 672 1590 externa
705 1516 866 1611 denique
891 1514 1026 1625 ferma.
1086 1514 1258 1611 Namque
1285 1516 1334 1587 ad

114 1667 383 1764 explicandum
409 1689 534 1740 rerum
557 1681 819 1779 cognatarum,
846 1666 950 1760 cujus
968 1645 1119 1761 'generis
1136 1668 1333 1760 Hebraeo-

112 1842 199 1893 rum
224 1818 468 1914 Arabumque
494 1821 633 1916 pebsis‚
667 1841 891 1892 eonsensum
916 1814 1028 1915 a'tque
1049 1819 1249 1894 discrimen
1275 1848 1331 1894 re-

70 1966 75 1971 ’
114 1971 273 2068 quiritur
313 1970 556 2067 praeprimis,
598 1982 658 2059 ut,
699 1995 772 2070 que
806 1983 995 2068 tempere,
1036 1972 1169 2068 quibus
1200 1976 1332 2062 causis,

114 2124 300 2221 quibusve
326 2086 616 2196 circumstantiis
637 2124 822 2219 originem
853 2122 1069 2211 habuerint,
1102 2121 1331 2218 dispiciatur.

39 2354 45 2371 .
114 2271 225 2363 Quod
260 2276 329 2348 etsi
360 2276 400 2347 in
434 2299 474 2347 re
509 2286 588 2348 tam
618 2273 764 2349 remota
793 2287 907 2371 atque
929 2271 1179 2363 absconditi,
1213 2278 1333 2374 qualis

110 2427 287 2523 poiseus,
328 2426 539 2501 Hebraicae
573 2418 764 2521 marcitae,
803 2428 924 2522 erige,
966 2423 1225 2501 difficillimum
1265 2432 1332 2519 sit,

110 2575 215 2651 haud
246 2588 374 2652 tamen
408 2582 658 2676 praetermitti
692 2582 849 2654 omnine
883 2590 1028 2676 petest,
1072 2580 1146 2653 nisi
1177 2603 1331 2655 emnem

43 2826 47 2833 Ι
112 2729 410 2828 disputationem
436 2731 685 2808 fundamento
709 2754 776 2804 suo
800 2732 952 2827 privare
977 2716 1082 2806 veiis.
1134 2731 1332 2829 Exposita,

21 2926 25 2935 ·
111 2895 293 2978 quantum
322 2884 474 2983 quidem
501 2886 581 2959 fieri
606 2876 750 2983 putuit,
778 2883 972 2978 utriusque
996 2887 1153 2981 poeseos
1180 2887 1332 2978 urigine,
1388 2844 1392 2849 Ι

109 3032 159 3106 ad
184 3006 488 3133 perspiciendum
523 3058 745 3111 consensum
772 3033 1056 3133 dissensumque
1080 3038 1331 3111 necessarium

38 3238 41 3243 -
108 3187 469 3283 portendebatur,
504 3188 881 3286 quampotissimum
915 3168 1112 3262 materiam
1137 3188 1330 3262 Hebraeu-

109 3362 195 3413 rum
219 3337 462 3438 Arabumque
489 3345 626 3440 poetae
652 3342 887 3415 tractandam
914 3341 987 3413 sibi
1011 3337 1230 3427 sumserint,
1258 3338 1331 3412 dis-

110 3490 269 3587 quirere.
321 3492 427 3567 Licet
453 3494 554 3567 enim
582 3495 752 3585 emnium
779 3471 1003 3592 populorum
1029 3492 1152 3588 pcdsis
1176 3512 1227 3563 ex
1253 3515 1331 3566 une

67 3701 72 3722 .
109 3630 324 3743 eodemque
352 3645 479 3736 fonte,
523 3644 703 3720 vividieri
736 3667 874 3741 nempe
916 3642 1034 3716 animi
1066 3666 1177 3719 seusu
1220 3656 1332 3740 atque

109 3793 279 3889 adfectu,
320 3797 565 3895 profluxerit,
603 3810 731 3873 tamen
765 3818 836 3893 pre
852 3804 856 3811 '
872 3816 1051 3869 sensuum
1087 3797 1330 3886 aliarumque,

108 3966 206 4043 quae
231 3949 282 4024 ad
313 3953 447 4047 peiitas
473 3950 699 4046 pertinent,
720 3970 845 4020 rerum
873 3946 1110 4032 diversitate,
1143 3941 1331 4016 diversam
