2904 4942
106 309 170 370 208
297 329 301 339 ·
552 304 624 363 Pare
643 303 700 361 111.
730 301 814 380 ¹Gap.
830 299 886 358 111.

575 484 582 518 ι
634 469 665 544 5.
694 461 798 529 GVH.

193 612 263 676 lam
287 607 329 672 ad
350 605 456 670 fontes
477 601 563 688 quod
584 600 768 679 adtinet,·e
790 596 905 684 quibua
926 586 1149 677 Hebraeorum
1169 596 1330 664 Arabum·

110 746 172 819 q‘ae
201 730 314 817 poetae
342 725 500 807 imagines
526 740 601 782 suas
630 717 801 796 hauriunt,
834 719 964 782 eosdem
993 717 1062 781 fere
1083 719 1229 802 atrisque
1259 737 1331 781 ease

108 847 424 927 vidimns3'namque
446 851 478 900 et
492 835 714 901 Hebraeorum
736 850 769 901 et
782 834 925 901 Arabum
949 845 1062 921 potitae
1083 832 1137 900 vel
1158 857 1201 900 ex
1224 856 1331 899 rernm

109 968 223 1034 naturai
245 969 278 1028 in
300 954 570 1034 universumfvel
592 977 611 1020 a
631 956 728 1021 rebus
748 953 945 1019 naturalibus
966 969 1071 1018 terrae
1086 974 1164 1018 suae
1179 957 1329 1039 propriis,

108 1086 161 1151 v'el
190 1107 232 1148 ex
261 1084 358 1144 vitae·
374 1078 551 1138 communis
580 1096 659 1153 usu,
692 1073 787 1139 rebus
817 1077 921 1158 gentis
949 1052 1027 1136 suae
1054 1072 1329 1154 memorabilibus,

109 1227 170 1272 neo
191 1223 255 1267 non
284 1218 330 1261 ex·
344 1193 480 1264 histonii
503 1187 653 1253 fabulosi
675 1191 852 1275 imagines,
876 1161 991 1277 quibus
1015 1205 1163 1270 utuntur,
1185 1207 1329 1275 repetere

103 1321 224 1389 solent.
267 1311 464 1398 Imaginibus
494 1330 536 1371 ex
559 1328 665 1371 rerum
688 1310 803 1372 naturai
831 1312 865 1373 in
888 1313 1073 1373 universum
1095 1311 1203 1394 petitia
1233 1308 1328 1374 simili

109 1442 234 1505 ratione
258 1445 389 1498 utuntur
412 1427 555 1493 Hebraei
569 1425 776 1511 Arabesque,
799 1429 939 1513 utrisque
961 1429 1022 1492 lua
1031 1427 1201 1507 fortunae
1219 1448 1330 1492 recun-

111 1557 174 1621 dae
199 1556 328 1636 imago,
361 1549 470 1632 caliga
500 1543 677 1624 adversae,
706 1547 758 1609 rol
772 1551 1004 1630 praestantiae
1030 1554 1130 1632 atque
1145 1545 1330 1641 pulchritu-

111 1675 216 1750 dinis,
242 1671 360 1753 placata
381 1664 616 1740 liberalitatis,
647 1671 770 1727 moriter
789 1666 919 1728 excelsi
936 1671 1146 1744 recuritatir,
1174 1685 1329 1749 aquarum

110 1794 265 1878 gurgites
285 1785 503 1872 periculorum
526 1796 586 1844 etc.
636 1778 731 1857 Quod
753 1783 783 1846 si
801 1796 906 1845 temen
929 1785 961 1845 in
986 1781 1049 1846 boo
1069 1792 1188 1868 genere
1211 1779 1328 1866 aliquitl

110 1903 304 1972 discriminis
325 1914 463 1964 statuere
493 1898 589 1978 velia,
619 1900 652 1963 id
673 1903 707 1963 in
730 1921 771 1963 ee
797 1904 936 1984 positum
963 1904 1041 1979 erit,
1072 1901 1158 1985 quod
1184 1897 1326 1963 Arabum

110 2033 224 2111 potitae
237 2041 292 2105 per
304 2021 485 2081 universam
507 2040 613 2115 rerum
636 2032 780 2082 naturam
797 2022 1032 2103 exspatientur,
1054 2019 1196 2103 undique
1212 2019 1327 2082 oratio·

112 2144 163 2207 nis
182 2139 278 2202 flores
292 2137 516 2220 decerpentes3
537 2134 680 2199 Hebraei
700 2157 775 2199 vero
790 2138 979 2201 arctioribus
995 2136 1151 2202 limitibus
1165 2157 1239 2200 sese
1257 2157 1329 2200 oon-

112 2259 252 2335 tineaut,
273 2256 369 2319 aeriis
391 2252 580 2338 quibusdam
600 2253 795 2340 imaginibus
815 2257 1013 2320 constantius
1033 2253 1251 2320 inhaerentes.

628 2461 658 2536 5.
685 2455 816 2524 »(ΝΙΙΙ.

93 2627 95 2630 <
200 2591 291 2670 Quae
314 2613 357 2656 ex
380 2593 562 2676 regionum,
586 2613 664 2678 quaa
683 2592 905 2659 Hebraeorum
925 2591 1132 2677 Arabumque
1153 2601 1273 2678 potitae
1287 2595 1331 2657 in·

113 2710 280 2788 nolebant,
304 2709 419 2774 naturai
434 2713 549 2794 petitae
567 2724 641 2773 suut
655 2713 831 2797 imagines,
854 2709 977 2776 similes
997 2713 1107 2789 iniis,
1129 2733 1213 2796 quae
1228 2715 1332 2798 regio·

99 2831 210 2896 ’nibus
235 2827 301 2892 illis
323 2829 522 2905 eommunia,
550 2841 582 2891 at
608 2829 753 2893 diversae
782 2832 815 2892 in
845 2832 902 2908 iis,
933 2849 1013 2914 quae
1038 2832 1141 2895 cuivis
1161 2829 1334 2915 peculiaria

114 2963 190 3014 aunt
214 2951 359 3033 regioni,
382 2945 672 3033 deprehenduntur.
717 2945 944 3026 Camleaaer,
967 2949 1049 3032 lupi,
1072 2953 1178 3026 asiai,
1195 2924 1334 3035 onagri,

115 3074 222 3143 nerui,
247 3053 422 3142 lloreatler,
448 3063 630 3142 columbae,
660 3074 849 3148 serpentes,
867 3069 1018 3150 palmae,
1042 3087 1138 3131 rarae
1162 3079 1336 3144 etaetera,

114 3184 316 3250 Palaestinae
338 3182 541 3266 Arabiaeque
567 3187 853 3259 eommunia'sint,
883 3184 1107 3248 Hebraeorum
1130 3183 1337 3270 Arabumque

115 3314 228 3392 po'e'tae
257 3303 436 3387 promiscae
471 3301 689 3386 imaginibus,
728 3300 769 3366 ab
801 3301 867 3365 illis
899 3303 995 3367 rebus
1024 3305 1157 3388 petitis,
1195 3317 1336 3368 utuntur.

115 3420 230 3506 Hquur
252 3435 285 3483 et
309 3422 449 3484 camelae
472 3417 672 3483 Palaestinae
701 3420 828 3503 quidem
859 3441 922 3484 uon
952 3419 1068 3499 alieni,
1103 3441 1206 3507 neque
1230 3435 1334 3486 tamea

115 3538 300 3625 frequentes
322 3541 422 3614 adeo,
447 3558 540 3621 quam
563 3541 596 3600 in
619 3536 758 3613 Arabii3
781 3558 969 3623 quererere
990 3560 1100 3603 eorum
1123 3540 1205 3624 apud
1229 3550 1338 3625 potitus

116 3656 286 3722 Hebraeos
302 3658 439 3733 mentio,
461 3657 720 3741 frequentissima
735 3658 817 3740 apud
831 3655 966 3722 Arabes.
1004 3655 1092 3721 ldem
1110 3669 1144 3720 et
1156 3631 1198 3720 de
1211 3657 1339 3742 lyrani

117 3787 212 3860 atque
234 3775 497 3839 rtrutllioaaraelr
517 3774 719 3837 statuendum
726 3794 737 3849 3
768 3776 828 3837 etsi
850 3787 1018 3860 utrumque
1042 3774 1338 3840 animal-Hebraeis

117 3891 203 3956 haud
220 3893 316 3956 fuerit
330 3895 543 3978 inaognitum,
567 3906 672 3955 tamen
692 3913 763 3956 oum
778 3896 942 3957 rarissime
960 3896 994 3956 in
1009 3890 1193 3958 Palaestini
1210 3895 1338 3959 obviam

117 4013 176 4087 sit,
209 3986 372 4075 rarissime
398 4013 495 4074 etiam
522 4010 564 4074 ab
590 4009 813 4074 Hebraeorum
842 4014 944 4096 poe‘tia
972 4014 1004 4074 in
1033 4012 1178 4075 oratione
1199 4010 1337 4099 figurati

118 4127 296 4195 adhibetur.
354 4127 476 4195 Contra
504 4128 647 4193 Arabum
668 4137 790 4213 peitate
804 4130 1063 4216 frequentissime
1084 4130 1245 4216 imagines
1265 4150 1339 4196 anas
