2904 4942
363 316 404 374 Dr
425 318 534 392 eripiar
553 328 579 375 rt
600 319 692 376 onus&
706 323 817 395 potem
838 319 1002 379 Hebraicoe.
1294 321 1334 417 ii!

195 479 242 564 ll)
269 477 367 543 Hand
389 478 484 544 aliter
503 482 601 545 etiam
623 481 663 545 de
682 495 862 546 ceteraru-
885 503 1011 561 rerum,
1039 495 1106 546 turn
1128 481 1334 564 naturalium,

110 615 179 664 tum
203 595 447 663 artificiosarun
473 600 607 677 notititi,
637 601 672 663 in
694 599 772 664 tots
788 599 873 665 libro
895 603 1087 686 conspicui,
1117 600 1334 668 statuendum.

111 717 212 795 Quis,
242 737 380 800 quaeso,
409 717 492 780 adeo
508 719 575 789 ,erit
595 718 869 796 inconsideratus,
902 733 937 783 ut
957 721 1042 782 ausit
1062 717 1252 798 adfirmare,
1281 743 1337 784 na-

112 839 230 901 minem
252 832 497 912 Hebraeorum,
534 848 660 921 praeter
681 834 829 915 Motene,
867 835 996 901 illarum
1023 857 1130 901 rerum
1153 840 1336 923 cognitione

107 955 267 1021 imbutum
289 951 400 1015 inisse.

134 1138 139 1147 “
195 1121 254 1206 ut)
277 1121 315 1186 st
336 1140 449 1183 varum
465 1133 528 1198 σοι,
556 1122 641 1207 qnod
663 1116 872 1202 contendunt,
897 1121 1022 1195 nullnrn'
1039 1126 1073 1188 in
1089 1122 1167 1188 loir·
1184 1120 1268 1188 libro
1288 1122 1338 1189 ie-

110 1262 187 1327 gum
209 1238 427 1303 Mosaicarnm
455 1241 547 1322 injici
578 1243 793 1319 mentionem,
828 1239 874 1304 nil
903 1243 942 1305 de
972 1240 1080 1327 populi
1103 1241 1272 1307 Israelitici
1294 1266 1337 1309 ex

108 1357 266 1443 Aegypto
281 1340 485 1443 migratione,
506 1355 555 1421 nil
575 1359 616 1423 de
636 1357 859 1423 Hebraeorum
882 1358 980 1425 rebus
1001 1363 1034 1424 in
1057 1362 1144 1426 terrie
1165 1359 1338 1426 Canunaeri

110 1479 212 1563 gestis
229 1478 382 1560 reperiri,
406 1478 459 1540 vix
482 1489 589 1540 tamen
608 1477 684 1539 inde
701 1480 860 1562 sequitur,
881 1476 999 1543 librnrn
1020 1477 1111 1542 ilium
1133 1480 1207 1541 aitte
1230 1475 1340 1562 populi

110 1593 268 1657 Hebraici
291 1615 332 1657 ex
356 1594 503 1680 Aegypto
525 1596 749 1680 migrationem
782 1599 997 1681 conscriptum
1026 1596 1138 1660 inisse.
1192 1593 1339 1680 Namque

112 1725 145 1776 et
163 1690 295 1774 serioris
317 1712 390 1774 nevi
411 1725 524 1775 auctor
545 1732 598 1775 res
614 1710 688 1775 illas
704 1710 834 1776 silentio
852 1717 954 1797 potuit
972 1716 1162 1799 praeterire3
1185 1710 1238 1776 vel
1255 1712 1339 1797 quoti

113 1831 243 1893 occasio
265 1814 616 1895 eas'oommemorandi
638 1830 781 1908 deesset,
819 1828 873 1893 vei
899 1828 964 1921 aliis
995 1831 1130 1916 quidam
1160 1832 1200 1895 de
1232 1830 1340 1894 causi.

115 1946 258 2010 atvero
277 1949 344 2030 jam
367 1951 514 2033 superius
536 1951 581 2030 (ξ.
597 1954 629 2029 3,
654 1947 708 2034 ΙΙ.)
730 1928 888 2013 monitum
908 1950 987 2029 fuit,
1009 1964 1042 2013 et
1057 1934 1149 2035 leges
1163 1947 1340 2025 Mosaicas,

115 2077 149 2127 et
171 2062 283 2150 pnptrli
303 2064 461 2133 Hebraici
480 2065 671 2146 historiam,
707 2067 764 2132 sed
794 2069 951 2132 serioruin
980 2083 1178 2153 temporum,
1212 2067 1246 2130 in
1266 2065 1343 2130 Jobt
1414 2128 1422 2137 ,

102 2182 200 2248 ·libro
220 2186 356 2268 respici3
380 2205 479 2271 quare
496 2204 697 2271 nequaquam
719 2199 796 2250 ante
816 2184 925 2271 populi
946 2183 1116 2250 israelitici
1136 2206 1178 2250 ex
1192 2183 1341 2270 Aegypto

114 2302 360 2386 migrationem,
395 2303 531 2388 proinde
559 2322 664 2389 neque
692 2305 727 2367 in
754 2322 885 2367 amessa
910 2301 1115 2368 Midinniticn
1137 2302 1221 2368 liber
1241 2299 1298 2366 ilie
1322 2323 1343 2366 a

116 2419 214 2484 More
235 2419 395 2485 conscribi
416 2423 532 2506 potuit.

201 2589 326 2669 Vides,
356 2611 451 2676 quam
475 2588 612 2656 infirmis
636 2596 778 2657 nitantur
798 2593 1016 2676 argumentis,
1053 2595 1109 2678 qui
1129 2559 1205 2657 tite·
1223 2590 1342 2656 librum

117 2711 156 2775 nd
180 2709 308 2799 Morene
330 2723 494 2773 auctorem
517 2709 638 2773 referre
660 2722 829 2775 conantur.
879 2705 993 2792 Naqne
1021 2730 1060 2773 ea
1088 2712 1247 2775 sententia
1276 2706 1342 2772 ullo

119 2829 318 2913 antiquitatis
340 2826 523 2891 Hebraicae
546 2826 752 2919 confirmatur
781 2828 976 2890 testimonio.
1027 2824 1155 2889 Etenim
1180 2847 1282 2912 neque
1310 2829 1342 2891 in

117 2944 269 3024 Veteris,
305 2966 407 3030 neque
435 2946 466 3008 in
490 2942 576 3009 Novi
599 2942 800 3010 Testamenti
822 2944 948 3028 scriptis
972 2937 1072 3031 ulium
1099 2940 1235 3010 habetur
1257 2946 1342 3009 indi·

118 3067 216 3142 cium,
239 3087 281 3128 ex
296 3086 357 3150 quo
374 3062 518 3151 colligas,
542 3064 667 3129 Morem
682 3062 759 3129 Jotr
773 3079 936 3128 auctorem
954 3058 994 3123 ab
1011 3042 1172 3124 Hebraeis
1188 3060 1343 3125 creditn-

117 3183 230 3249 fuissc.
280 3182 321 3246 Et
343 3184 486 3267 proiecto
507 3185 537 3248 si
559 3180 830 3267 celebratissimus
857 3179 914 3245 ille
939 3177 1063 3264 populi
1080 3176 1250 3243 israelitici
1278 3181 1344 3245 dux

119 3316 214 3387 atque
235 3303 416 3366 moderator
437 3300 555 3367 librum
577 3299 667 3365 illum
689 3302 951 3385 conscripsisset,
982 3320 1044 3360 non
1067 3294 1184 3382 liquet,
1208 3297 1271 3381 quir
1292 3316 1344 3360 ra·
1403 3368 1411 3397 ,Ι

119 3421 207 3484 tione
231 3440 270 3483 ea
290 3441 344 3485 res
365 3440 408 3484 ex
429 3418 597 3485 hominum
618 3418 774 3487 memoriis
795 3419 923 3502 penitus
944 3418 1083 3500 potuerit
1106 3434 1310 3478 evanescere.

675 3645 704 3720 ς.
728 3638 789 3704 vl.

208 3795 410 3861 Examinatis
429 3808 523 3880 atque
543 3797 672 3879 rejectis
683 3754 817 3859 illorum
836 3792 1047 3878 argumentis,
1070 3791 1123 3875 qui
1137 3787 1215 3852 Jotr
1227 3786 1344 3852 librum

61 3917 65 3923 '
89 3983 93 3987 ,
120 3911 174 3977 vel
197 3928 272 3977 ante
290 3913 436 3993 Morene,
463 3909 515 3975 rel
535 3933 555 3974 a
573 3911 670 3977 More
691 3914 763 3996 ipso
785 3911 997 3993 conscriptum
1019 3908 1119 3972 fuisse
1141 3909 1346 3984 contendunt,

119 4046 291 4117 superest,
315 4046 351 4095 ut
372 4031 596 4108 ostendamus,
619 4028 736 4095 libruru
758 4026 849 4091 ilium
871 4025 977 4090 mitis
997 4040 1067 4110 post
1080 4025 1188 4090 Morr'a
1209 4039 1345 4088 aetatem

118 4149 263 4230 seculis,
301 4150 450 4228 et,·nisi
480 4144 636 4224 fallimur,
666 4148 829 4230 proximis
851 4159 928 4209 ante
957 4143 1090 4208 exilium
1112 4139 1345 4225 Babylonicum

1078 4267 1098 4324 2
