2904 4942
575 300 762 376 comporatio.
1219 301 1281 364 205
1395 292 1402 367 s

59 463 197 526 tentioso
219 459 277 525 illo
297 460 428 525 dicendi
448 480 569 545 genere
590 465 795 548 conspicitur.
839 462 875 528 lu
895 463 1126 550 antiquissimis
1139 463 1283 531 Arabum

60 578 273 656 carminibus,
296 599 376 661 quac
399 580 542 658 nondum
564 583 604 644 ad
625 583 784 664 justornm
802 593 974 646 metrorum
993 579 1084 670 leges
1104 584 1283 669 composita
1420 653 1425 666 ‚

58 696 170 774 luere,
193 697 277 759 idem
293 695 473 782 obtinuisse
488 699 759 774 existimaverim
784 719 954 763 verrimes
978 719 1018 760 eo
1041 712 1196 784 tempore,
1219 722 1283 785 quo
1369 776 1372 783 ἱ

58 812 202 880 Arabum
222 816 390 899 potitaein
414 815 611 881 carminibus
633 816 809 901 pangendis
829 816 969 881 metricis
991 812 1119 901 legibus
1140 818 1285 883 adstricti

58 932 205 1011 luerunt,
233 929 305 995 fieri
327 931 411 996 baud
435 936 555 1017 potuit,
583 936 658 1019 quin
681 916 914 999 sententiosum
938 934 1190 1022 dieeudigenus
1212 938 1283 1003 me-
1374 952 1377 961 “

59 1052 160 1114 tricae
180 1064 360 1115 structurae
381 1052 519 1124 cederet.

591 1257 621 1331 ς.
659 1250 746 1320 clv.

146 1404 240 1483 Quod
257 1409 297 1471 ad
316 1405 439 1494 reliqna
456 1410 518 1473 tria
530 1406 652 1471 adtinet
668 1406 796 1472 dicendi
811 1428 949 1493 genera,
972 1411 1124 1495 sc'arpletc,
1147 1407 1281 1475 sublime
1418 1442 1421 1449 ¹

60 1536 154 1609 atque
175 1523 382 1611 figuratam,
421 1524 504 1590 baud
537 1528 663 1611 quidem
695 1527 806 1612 negari
837 1542 960 1612 potest,
992 1548 1030 1591 ea
1058 1524 1284 1593 Hebraeorum

59 1642 265 1728 Arabumque
287 1645 376 1726 poe'si
399 1664 470 1707 esse
493 1645 691 1719 eommunia;
720 1647 778 1708 aed
808 1657 913 1708 tamen
947 1644 1183 1707 concedendum
1207 1666 1285 1729 quo·
1344 1724 1349 1732 ι

53 1781 141 1846 que,
164 1776 195 1823 et
217 1763 250 1824 iu
270 1760 358 1826 bisce
381 1761 508 1825 dicendi
527 1760 699 1846 generibus
715 1761 834 1847 aliquid
852 1761 1045 1825 discriminis
1064 1763 1147 1824 inter
1164 1776 1284 1825 utram-

60 1899 123 1963 que
144 1880 254 1962 poesin
278 1880 488 1944 intercedere.
523 1876 629 1953 ‚Quod
651 1881 821 1944 discrimen
846 1881 878 1942 in
902 1898 941 1940 eo
964 1880 1101 1961 positum
1125 1891 1282 1961 putamus,

60 1996 146 2080 quod
178 1999 392 2081 simplicitate
429 2011 524 2083 atque
562 1995 764 2060 sullimitate
798 1999 905 2080 potiris
935 1994 1098 2060 Hebraico
1123 1994 1282 2060 Arabicae

59 2126 241 2197 praestare,
276 2129 387 2180 contra
416 2115 496 2179 baec
526 2113 614 2178 illam
648 2121 840 2199 imaginam-
856 2118 952 2200 cupid
979 2122 1079 2198 atque
1096 2148 1100 2155 ,
1115 2120 1282 2179 carimate

60 2250 217 2315 superare
243 2232 410 2295 videatur..
456 2229 522 2324 Qui
543 2239 656 2312 [autem
686 2233 802 2315 factum
833 2235 893 2311 sit,
922 2245 958 2296 ut
985 2231 1092 2316 poe‘sis
1119 2229 1284 2297 Hebraica

59 2345 234 2413 Arabicam
263 2346 465 2433 simplicitate
501 2365 686 2434 superaret,
724 2353 796 2433 ejus
824 2353 872 2415 rei
898 2369 1013 2413 causas
1037 2352 1106 2431 jam
1135 2351 1284 2435 superius

59 2466 171 2551 (partis
200 2466 216 2529 I
251 2489 321 2551 cap.
349 2463 409 2550 Ill)
435 2489 481 2532 ‚ex
511 2481 602 2552 parte
631 2471 849 2551 exposuimus.
900 2465 1060 2530 Monitum
1092 2469 1178 2533 enirn
1209 2468 1282 2549 fnit,

59 2587 292 2669 antiquissimis
313 2582 379 2649 illis
401 2584 615 2671 temporibus,
644 2584 761 2670 quibus
782 2582 1005 2648 Hebraeorum
1033 2585 1140 2668 poisis
1169 2599 1284 2653 exorte

60 2715 155 2786 atque
181 2701 320 2767 ‚exculta
350 2703 429 2781 fuit,
472 2705 670 2767 rarissimum
701 2702 861 2767 Hebraeis
896 2722 968 2765 cnm
999 2704 1118 2766 exteris
1153 2703 1283 2788 populis
1367 2731 1370 2745 ·

59 2820 160 2909 fuisse
183 2823 427 2897 commercium
457 2843 520 2907 quo
544 2822 682 2900 iactum,
712 2821 871 2890 utomnis
894 2839 1005 2889 eorum
1032 2820 1114 2900 vita,
1129 2878 1131 2883 ,
1146 2822 1280 2904 proinde
1344 2822 1348 2829 '

60 2950 93 3001 et
122 2934 286 3001 literarum
320 2941 444 3018 studia,
482 2937 593 3024 lingua
628 2952 721 3025 atque
752 2941 859 3021 petisia
893 2934 1128 3020 simplicissima
1164 2953 1280 3007 essent.

60 3052 182 3121 contre
203 3056 435 3122 recentioribus
464 3053 529 3121 illis
557 3055 771 3139 temporibus,
801 3054 916 3140 quibus
947 3055 1032 3140 apud
1051 3052 1176 3120 Arabes
1205 3063 1282 3140 poti-

59 3196 134 3239 seoa
156 3175 296 3238 studium
319 3171 383 3238 coli
405 3186 570 3259 coeptum,
591 3172 792 3258 frequentius
815 3173 966 3237 omnium'
980 3170 1181 3258 populorum,
1205 3195 1285 3257 pro·

53 3293 135 3365 ‚inde
165 3306 197 3355 et
223 3291 382 3369 Arabum,
414 3313 486 3357 oum
517 3295 639 3358 exteris
664 3291 816 3379 gentibus
843 3294 1085 3366 commercium3
1122 3312 1220 3376 quare
1248 3303 1282 3356 et

57 3412 144 3475 vitae
168 3413 248 3474 ratio
269 3409 550 3494 minussimplex,
579 3409 824 3496 literarumque,
860 3406 990 3494 linguae
1018 3423 1114 3495 etque
1144 3418 1303 3498 poeseos>

58 3506 166 3596 studia
187 3529 322 3595 cultiora
342 3543 437 3616 etque
461 3527 697 3616 artificiosiqra.
739 3527 889 3602 Accedit,
913 3526 996 3611 quod
1013 3525 1140 3591 Arabes
1163 3528 1305 3613 arden-y

56 3652 152 3728 tiori,
175 3648 226 3712 vel
250 3661 283 3712 ut
303 3649 421 3711 rectius
440 3646 560 3726 dicam,
582 3647 779 3713 effrenatiori
799 3647 997 3730 imaginandi
1020 3647 1068 3724 vi,
1091 3665 1184 3730 quam
1208 3640 1278 3706 He-
1355 3680 1358 3685 ·

50 3767 166 3845 braei,
189 3767 324 3851 praediti
342 3742 442 3845 luisse
464 3768 629 3843 videntur3
653 3767 715 3851 qud
737 3763 894 3828 effrenatis
906 3763 1103 3849 imaginandi
1119 3764 1150 3824 vi
1167 3771 1277 3847 potitae

56 3883 190 3961 Arabici
212 3883 296 3948 baud
329 3905 402 3948 raro
430 3904 450 3945 a
480 3887 566 3948 recti
590 3898 720 3949 naturae
749 3883 802 3946 viia
823 3883 946 3945 seducti
962 3884 1065 3966 inque
1095 3881 1189 3943 devia
1217 3880 1277 3945 ab·

55 4006 141 4089 nepti
165 4003 266 4067 fuere.
302 4001 449 4086 Denique
465 4016 497 4065 et
509 4000 618 4088 legum
634 4003 837 4067 metricorum
853 3997 988 4063 vinculis
1002 3997 1143 4062 Arabum
1166 4007 1275 4082 politas

54 4121 97 4188 ab
120 4124 160 4189 esi
179 4121 403 4214 simplicitate,
431 4141 512 4206 quae
534 4119 695 4210 Hebraeis
722 4120 854 4204 propria
874 4132 940 4196 ert,
969 4136 1196 4200 nonnunquam
1219 4117 1274 4179 de-
