2904 4942
649 302 838 377 Comparatio.
1074 328 1079 343 ¹
1290 303 1355 366 20?

132 463 264 547 hymni,
288 484 440 529 sensuum
461 477 557 550 atque
582 436 810 550 cogitationum
831 464 1027 532 sublimitate
1048 466 1184 532 multum
1206 487 1359 555 saperent

132 583 284 667 quidquid
307 584 340 645 in
356 582 498 649 Arabum
521 587 610 668 poesi
633 582 709 648 elati
732 598 825 670 atque
846 586 1033 669 grandisoni
1054 585 1201 651 habetur.
1243 587 1357 674 Neque

134 686 242 765 tamen
263 700 314 780 id,
344 702 428 787 quod
449 676 489 766 dc
511 721 659 766 reoruuro
681 711 788 787 atqua,
802 706 1040 788 cogitationum
1067 702 1269 770 attenuate
1289 719 1358 771 sta-

72 842 75 847 ·
132 821 265 897 ruimus,
295 821 334 882 ad
357 821 551 885 elocutionis
576 841 702 905 quoque
726 820 958 886 sublimitatem
979 820 1178 885 trahendum.
1228 823 1357 889 Etenim

134 936 218 1011 banc
241 939 324 1020 quod
347 938 486 1015 adtinet,
516 937 659 1003 Arabum
683 943 794 1023 poesin
817 938 979 1003 Hebraicis
1005 950 1201 1025 nequaquam
1222 942 1357 1009 inferiu-

130 1074 218 1131 rem,
242 1057 417 1138 quinimmo
439 1058 639 1139 superiorem
664 1059 925 1123 existimaverim.
974 1055 1120 1143 Namque
1143 1056 1252 1142 lingua
1273 1059 1357 1125 Ara-

129 1171 203 1236 bica
240 1175 272 1235 in
310 1175 513 1250 universum,
542 1174 723 1261 'poe‘sisqua
758 1177 904 1260 inprimis
935 1175 1052 1260 magud
1087 1178 1353 1261 grandisonorum

129 1290 342 1376 epithemium
365 1289 508 1355 luxuriat
528 1294 637 1377 copiis,
662 1293 775 1378 quibus
791 1291 928 1357 elocutio
951 1299 1068 1358 mirum
1088 1296 1123 1357 in
1147 1296 1274 1368 modum
1298 1281 1353 1359 or-

129 1425 222 1474 natur
239 1409 445 1496 'tqlliturque3
469 1425 579 1483 contra
591 1408 703 1494 lingua
717 1411 880 1480 Hebraico
898 1410 1109 1496 epithetornm
1124 1414 1258 1496 penuria
1276 1413 1354 1495 qud·

129 1530 202 1609 dam
224 1526 369 1607 laborat,
401 1529 446 1591 ita
468 1540 502 1591 ut
524 1526 610 1593 haud
633 1552 706 1594 raro
727 1530 937 1597 substantivis
960 1529 1191 1612 adjectivorum
1213 1528 1286 1593 loco
1306 1531 1353 1595 uti

81 1626 85 1635 Ι
129 1633 260 1711 necesse
284 1629 410 1709 habeat.
454 1643 605 1725 Accedit,
628 1647 711 1733 quod
732 1643 874 1713 Arabum
897 1656 1009 1732 poetae
1032 1645 1131 1710 multo
1154 1647 1351 1732 frequentius

128 1786 223 1854 quarn
252 1764 414 1842 Hebraei,
446 1766 556 1849 spretis
585 1764 707 1850 vulgari
735 1765 874 1849 alicujus
903 1767 952 1828 rei
981 1762 1213 1849 adpellatione,
1243 1765 1352 1846 aliam,

99 1916 104 1923 ·
128 1882 169 1949 ab
191 1884 311 1968 insigni
335 1869 471 1966 quddam
494 1879 582 1945 illius
602 1884 651 1945 rei
674 1886 866 1967 proprietate
884 1885 1033 1967 petitam,
1056 1883 1268 1963 substituant,
1290 1886 1352 1970 quai

127 2023 164 2065 re
186 2000 272 2070 baud
294 2022 404 2085 parum
427 2001 578 2084 ponderis
599 2017 693 2086 atque
720 2000 929 2067 'sublimitatis
959 2003 1094 2067 orationi
1125 2002 1263 2066 additur.
1306 1999 1352 2067 Ut

127 2121 228 2205 igitur
263 2139 414 2183 sensuum
445 2132 541 2204 atque
571 2122 800 2204 cogitationum
829 2114 1027 2182 sublimitate
1055 2117 1198 2183 Hebraei
1226 2119 1352 2184 Arabes

80 2272 89 2285 .
127 2251 295 2322 ruperant,
318 2238 363 2300 ita
386 2235 577 2303 elocutionis
598 2240 779 2324 granditate
792 2234 920 2300 Arabm
944 2234 1105 2303 Hebraeis
1127 2237 1351 2323 anteponendi.

653 2359 682 2434 5.
721 2353 808 2420 CVI.

212 2471 357 2536 Tertium
380 2472 507 2536 dicendi
528 2494 651 2557 genus,
673 2475 708 2537 in
732 2495 794 2558 qno
810 2471 1034 2536 Hebraeorum
1053 2474 1160 2557 poesis
1181 2493 1251 2536 cnm
1268 2437 1352 2537 Ara-

101 2589 401 2681 Nbicb'consentit,
420 2590 611 2676 figuratum
632 2603 691 2658 est.
743 2591 786 2655 Et
812 2594 846 2654 in
877 2590 939 2655 hoc
968 2610 1086 2674 genere
1115 2588 1243 2674 aliquod
1267 2592 1351 2655 inter
1431 2642 1434 2651 .

125 2725 294 2796 utramque
317 2710 429 2792 poesin
453 2708 577 2773 obtinet
599 2711 791 2785 discrimen,
819 2711 889 2774 sive
910 2709 1035 2786 fontes,
1058 2727 1077 2770 e
1098 2706 1213 2791 quibus
1233 2711 1350 2794 imagi·-

123 2851 184 2896 nee
206 2842 374 2914 petuntur,
409 2829 478 2890 sivo
509 2829 684 2912 imaginum
714 2831 855 2913 ipsarum
889 2829 1013 2913 copiam
1047 2838 1142 2910 atqua
1162 2828 1348 2893 variantem

121 2926 282 3033 spectess
299 2945 479 3029 lmaginum
501 2947 594 3030 copib
615 2956 709 3030 atque
733 2942 888 3011 varietata
902 2944 1046 3009 Arabum
1061 2951 1172 3029 poetas
1188 2942 1349 3009 Hebraeis

109 3068 304 3149 ,sumriores
327 3085 417 3142 esse,
445 3067 513 3147 jam
543 3069 697 3129 monitum
728 3064 799 3130 fuit.
843 3060 947 3146 Cujus
977 3063 1026 3126 rei
1057 3081 1152 3126 causa
1174 3063 1207 3125 in
1231 3064 1348 3127 arden·
1418 3115 1430 3135 ,

122 3184 198 3246 tior-i
220 3181 363 3246 Arabum
385 3183 583 3269 imaginandi
612 3184 644 3246 vi
665 3184 866 3268 quaerenda,
894 3201 975 3265 quae
996 3179 1132 3266 simplici
1155 3182 1346 3264 propriisque

121 3322 230 3365 rerum
251 3300 355 3366 sormi
378 3322 443 3367 nun
465 3315 631 3378 contenta,
661 3314 763 3364 notos
786 3300 925 3382 undique
946 3301 1081 3383 requirit
1102 3295 1261 3381 colores„
1277 3301 1346 3384 qui·

71 3464 74 3468 -
121 3419 183 3485 bus
206 3439 259 3482 res
278 3439 355 3482 snas
372 3417 510 3483 illustret
531 3404 721 3506 augeatque.
751 3415 823 3494 Quo
844 3410 1006 3481 ardentior
1022 3432 1128 3483 autem
1146 3416 1345 3501 imaginandi

119 3541 190 3616 vis,
218 3559 258 3602 eo
280 3539 397 3627 majqri
418 3540 514 3602 etiam
544 3542 576 3602 in
600 3538 829 3622 componendis
853 3534 951 3599 robus
974 3549 1080 3599 tuetur
1101 3533 1269 3611 libertate,
1290 3535 1344 3597 ita

77 3688 80 3693 ·
113 3658 259 3747 quidam,
281 3672 318 3721 ut
339 3655 424 3727 baud
442 3680 515 3723 raro
533 3659 753 3723 diversissima
771 3659 856 3719 inter
872 3675 907 3719 se
925 3667 1098 3738 comparet,
1122 3654 1342 3738 imaginesque

116 3776 196 3840 bnas
217 3797 237 3838 a
264 3776 360 3840 rebus
390 3777 612 3840 remotissimis
644 3787 775 3860 repetat.
821 3771 930 3850 Quare
958 3786 991 3836 et
1010 3773 1196 3856 imagines,
1228 3771 1342 3855 quibus

118 3891 262 3959 Arabum
287 3901 401 3978 potitae
423 3906 572 3971 utuntur,
602 3896 790 3977 saepissime
817 3890 947 3976 longius
976 3911 997 3953 a
1023 3904 1133 3955 nostro
1163 3910 1259 3954 sensu
1287 3903 1340 3952 ra·

117 4013 233 4080 cedere
255 4014 421 4087 vidantnr3
453 4012 537 4097 quod
564 4011 692 4095 quidem
715 4024 748 4076 et
768 4015 802 4076 in
824 4020 991 4096 poetarum
1013 3990 1236 4072 Hebraeorum
1260 4009 1338 4090 iuss·

114 4132 267 4218 ginibus,
287 4134 345 4201 aad
369 4144 474 4195 tamen
496 4131 620 4208 rarius,
641 4127 772 4197 accidit.¹
892 4174 899 4181 -
