2904 4942
116 303 189 372 196,
409 376 419 390 q
556 298 628 357 Pure
648 298 705 355 111.
750 299 821 373 dep.
852 296 916 355 11.·

63 506 66 515 =
162 548 165 555 ,
273 459 417 528 Vocales
439 474 514 526 sunt
534 463 615 525 ictus
636 459 835 547 gladiorum,
858 440 1039 546 punctaque
1060 461 1134 543 ejus
1157 453 1292 542 (lineae)

250 584 251 589 ’
275 577 388 644 lactus
410 578 564 655 telorum,
593 574 767 663 literaeque
789 580 861 661 ejus
883 599 939 662 per
961 578 1070 643 bestes
1096 575 1215 671 (fiunt).

119 699 238 764 Verum
261 697 342 761 baec
364 711 395 761 et
416 695 536 760 similia
559 698 597 759 ad
623 717 662 758 ea
683 697 885 779 potissimum
909 700 1070 780 pertinent
1088 710 1256 783 tempora,
1278 690 1338 775 qui·

40 842 43 847 ·
113 817 191 896 bus,
214 829 362 900 corrupto
374 816 444 897 jam
460 817 543 877 iuter
559 813 683 877 Arabes
701 835 797 877 sensu
818 814 966 898 poeticos
980 832 1013 878 et
1029 825 1142 901 poetae
1157 825 1192 875 et
1203 810 1337 876 lectores

110 935 318 1000 auditoresve
340 934 435 1017 nugis
451 919 558 1016 magis
570 946 664 1016 atque
681 933 829 1018 ineptiis,
851 951 945 1016 quara
964 931 1128 1016 grandiori
1142 928 1203 994 illo
1218 932 1336 1015 priscae

114 1055 228 1119 aetatis
248 1048 403 1129 cothurno
425 1048 671 1116 delectarentur.
716 1113 718 1118 .

633 1225 660 1293 §.
694 1215 823 1284 XCIX.

201 1354 288 1420 luter
310 1354 438 1421 dicendi
459 1351 600 1439 figuras,
634 1354 749 1438 quibus
777 1353 1035 1440 frequentissime
1058 1350 1203 1418 Arabum
1227 1362 1333 1441 poetae

116 1488 265 1553 utuntur,
297 1488 329 1537 et
355 1476 597 1556 prosopopoeia
620 1471 800 1536 referenda,
850 1466 931 1534 Cum
954 1470 1097 1549 Arabes,
1126 1475 1154 1536 si
1185 1495 1250 1559 qua
1278 1471 1332 1537 alia

116 1560 215 1680 gens,
247 1591 446 1656 viridissime
475 1589 673 1673 imaginandi
701 1587 852 1652 facultate
884 1589 1018 1674 praediti
1040 1591 1121 1664 sint,
1153 1613 1217 1655 non
1239 1593 1331 1677 potuit

116 1710 206 1786 fieri,
236 1712 311 1795 quin
334 1729 443 1771 eorum
468 1714 579 1790 poetae
602 1708 697 1769 etiam
720 1708 760 1770 iis
782 1688 908 1784 rebus,
933 1726 1014 1790 quae
1035 1708 1100 1769 vitri
1130 1723 1161 1772 et
1182 1709 1330 1772 sentiendi

118 1830 297 1915 agendique
318 1810 478 1892 facultate
490 1825 660 1887 destitutae
679 1837 772 1902 sunt,
793 1825 909 1898 vitam,
930 1845 1060 1888 sensum
1074 1839 1169 1910 atque
1184 1830 1329 1892 actionem

16 2022 20 2028 ¹
117 1945 303 2011 tribuerent.
348 1942 456 2020 Quare
478 1944 510 2003 in
529 1939 727 2004 carminibus
743 1939 890 2005 Arabicis
907 1941 1015 2007 sudet.
1028 1945 1218 2028 plorantes,
1241 1945 1329 2022 floret

117 2064 283 2140 ridentes,
304 2060 422 2125 ductae
436 2063 628 2144 sanguinem
646 2057 811 2137 tilenses,
832 2059 945 2143 gladie·
958 2050 1073 2144 cop'c'ta
1087 2067 1265 2126 aemorum
1276 2081 1327 2146 po·

117 2189 245 2244 scentes
259 2192 319 2241 etc.
335 2178 536 2240 inducuntur.
580 2172 728 2238 Sufficiat
751 2196 769 2236 e
791 2178 953 2241 sexcentis
972 2162 1127 2261 exemplis
1150 2200 1250 2244 uuum
1272 2192 1328 2244 tau·

18 2286 22 2295 ’
117 2308 192 2360 tum‘
209 2292 385 2358 alterumve
407 2295 440 2356 iu
461 2268 604 2357 medium
623 2281 803 2378 protulisse.
848 2292 963 2358 Nubes
977 2295 1326 2378 lacrymasfundetrtet,

117 2415 279 2498 floresque
293 2412 441 2478 ridentes
462 2388 562 2474 habes
578 2412 609 2473 in
630 2409 870 2497 elegentissime
887 2415 972 2506 veris
992 2414 1224 2498 descriptione,
1245 2434 1325 2500 quatu

118 2529 235 2617 Sojutr‘
253 2533 286 2594 iu
307 2532 413 2595 Prata
433 2529 583 2612 flando,
602 2531 694 2625 petil
719 2531 814 2644 a,ll‚
841 2529 991 2621 exbibet:

580 2656 1027 2787 Momm

506 2805 624 2936 illst)
651 2831 745 2934 ,sta
770 2814 858 2931 ²³23&
886 2836 926 2930 tt
952 2815 1027 2927 cd>

170 3071 172 3076 ,
197 2944 198 2949 γ
288 2980 398 3046 Plorat
421 2981 549 3068 (nubes)
578 2980 729 3065 lacrymis
758 2987 927 3048 continuae
949 2986 1162 3071 profusionis,

287 3099 404 3164 Donec
425 3099 612 3163 subrideant
634 3122 691 3165 ora
712 3100 825 3165 florum
849 3105 921 3187 ejus
945 3105 1088 3190 (terrae).

118 3190 236 3283 Gladio·
247 3224 422 3281 occisorum
441 3225 555 3301 cupita
570 3220 717 3304 collaque
727 3230 902 3304 parcentes
916 3223 1070 3286 sistuntur
1085 3244 1105 3285 a
1118 3196 1325 3290 Motnsuddr'o
1344 3277 1348 3282 .

114 3339 146 3399 iu
169 3339 309 3400 carmine
329 3339 522 3422 panegyrico
543 3340 574 3401 in
594 3337 776 3402 Hominum
799 3337 859 3402 deu
876 3338 976 3403 Istat
996 3341 1270 3412 Attenuatum:

507 3473 604 3564 μ’)
631 3475 710 3576 pipi
735 3455 929 3563 &2³⁸er
959 3469 1024 3543 ll&

520 3621 695 3695 caetero
721 3605 788 3724 go,
817 3629 936 3724 tgna
960 3609 1023 3730 [gs

283 3751 394 3821 Nutrit
416 3755 611 3841 (Horridus)
632 3754 758 3842 gladios
783 3758 911 3824 Indicos
934 3761 1087 3847 capitibus
1111 3776 1143 3826 et
1165 3761 1269 3841 collis,

282 3870 372 3957 lique
393 3889 474 3939 sunt.
487 3874 614 3938 illorum
636 3878 796 3960 pectines,
818 3876 931 3943 borum
955 3900 1066 3944 verum
1090 3895 1232 3966 torques.

111 3986 146 4050 lu
170 3985 268 4052 hocce
290 3989 449 4057 versiculo
472 3991 591 4076 duplici
612 3996 754 4080 imagine
776 3995 875 4081 gladii
897 3998 1089 4082 pingunturq
1114 3995 1326 4076 alterdfcru·

107 4124 177 4168 ruer
192 4111 456 4187 carnivorum,
478 4107 581 4175 alteri
589 4119 757 4197 pectinum
772 4121 1007 4201 torquemque.
1043 4096 1202 4193 Pectines
1218 4119 1325 4183 dicun·
