2904 4942
86 322 88 327 ’
109 309 150 370 16
619 309 689 367 Part
710 308 734 365 Ι.
779 309 848 385 Cap.
870 307 897 366 1.

92 490 293 552 censemur,
318 469 434 536 librum
458 470 548 536 illum
572 494 592 536 a
613 473 724 551 More,
754 472 804 536 vel
826 471 951 558 aequali
972 422 1080 559 aliquo
1102 469 1229 545 illoram
1251 485 1335 539 tem·

109 615 221 680 porum
244 593 398 676 scriptore
420 591 597 676 profectum
619 612 705 655 esre.
753 590 981 675 sequaquam
1005 589 1149 668 videtur,
1173 605 1214 655 ut
1235 613 1335 679 argu-

11 768 14 772 .
107 725 234 791 menta,
271 708 395 795 quibus¹
411 709 489 773 leli
513 707 598 773 liber
626 709 720 776 Mora·
746 711 947 786 vindicatur,
983 727 1207 773 recenseamus
1237 725 1336 796 atque

110 829 307 896 refellamus.
351 823 433 888 Sunt
454 839 559 891 autem
583 825 664 891 haec
686 827 771 893 lere:

194 947 221 1029 l)
252 944 290 1008 ln
315 942 392 1009 Jott
417 942 501 1008 libro
524 964 642 1032 magua
671 966 778 1011 rerum
798 945 1070 1032 Aegyptiacorum
1098 958 1193 1030 atque
1215 943 1337 1010 Arabi-

110 1085 218 1134 carum
247 1063 383 1127 oeieutia
411 1064 612 1147 couspiqitur.
663 1064 737 1128 Jam
760 1085 837 1127 vero
865 1063 979 1128 Moror
998 1065 1040 1143 ,io
1065 1062 1214 1149 Aegypto
1240 1078 1336 1129 natue

36 1174 39 1178 ⁴
110 1200 205 1268 atque
234 1184 386 1247 educatus
416 1180 499 1256 fuit3
535 1195 648 1265 postea
675 1183 709 1246 iu
731 1156 887 1246 Arabiam
917 1183 1073 1260 reuertit,
1111 1181 1220 1268 ibique
1249 1181 1336 1247 haud

110 1305 264 1388 exiguum
285 1301 437 1384 temporie
459 1301 598 1383 epatium
619 1314 834 1364 commoratus
854 1313 914 1363 eet.
965 1297 1059 1364 Unde
1081 1297 1234 1380 efficitur,
1264 1317 1336 1365 tao-

110 1435 177 1486 tam
205 1439 278 1483 eum
307 1439 413 1482 rerum
437 1416 704 1504 Aegyptiacorum
727 1429 821 1502 atque
843 1415 1056 1482 Arabicarum
1081 1421 1250 1484 scientiam
1272 1421 1336 1485 eibi

110 1557 331 1625 comparasse,
354 1551 471 1621 quauta
486 1537 533 1601 ¹ad
556 1534 821 1601 conscribendum
842 1532 920 1597 John·
938 1533 1057 1601 librum
1076 1537 1312 1622 requirebatur.

196 1655 243 1738 ll)
268 1652 398 1717 Praeter
413 1651 552 1740 Aegypti
567 1652 771 1739 Arabiaeque
788 1653 1022 1736 cognitionem,
1044 1653 1215 1718 multarum
1231 1657 1335 1722 adhuc

108 1796 235 1855 rerum,
257 1786 324 1836 tum
341 1769 556 1854 naturalium,
576 1787 642 1837 tum
658 1786 727 1837 arte
746 1769 933 1835 effectarum
954 1773 1089 1836 seientia
1106 1775 1141 1837 io
1154 1773 1231 1839 tota·
1248 1764 1337 1838 libro*

112 1891 361 1980 deprehenditur
373 1935 384 1970 ,
425 1911 560 1975 quarum
589 1910 697 1954 rerum
726 1888 861 1953 scientia
878 1889 1010 1974 optimo
1037 1893 1112 1974 jure
1140 1893 1180 1956 ad
1209 1893 1334 1965 Morem

111 2013 268 2091 refertur,
297 2011 412 2095 quippe
434 2011 507 2095 qui,
529 2010 563 2071 iu
587 2009 678 2093 regii
698 2006 837 2092 Aegypti
859 2005 934 2071 aulai
955 2008 1129 2088 educatur,
1145 2012 1247 2073 ,omui
1268 2010 1337 2082 Ae-

20 2186 23 2203 ,
112 2132 294 2218 gyptiorum
317 2128 478 2212 sapientia
500 2123 642 2189 imbutus
664 2122 735 2211 fuit.
856 2099 858 2103 y
979 2104 982 2109 ¹

197 2245 260 2327 111)
289 2243 326 2307 ln
353 2243 430 2308 loli
454 2241 538 2308 libro
567 2240 657 2307 nulla
685 2237 793 2326 legum
815 2240 1033 2309 Mosaicaram
1057 2249 1194 2326 mentio,
1226 2246 1270 2312 nil
1298 2250 1340 2313 de

114 2363 257 2432 mirabili
278 2359 387 2449 populi
405 2359 573 2440 Israelitici
596 2383 637 2425 ex
655 2359 803 2446 Aegypto
825 2364 1015 2455 migratione
1033 2380 1127 2451 atque
1146 2368 1262 2430 itinere
1281 2388 1339 2451 per

114 2480 256 2550 Arabiae
282 2482 426 2560 deserta,
461 2477 507 2545 uil
532 2479 572 2543 (le
599 2480 685 2543 terra
716 2468 890 2544 Cauarae&
917 2481 1075 2569 rebarque
1105 2472 1146 2548 ab
1177 2482 1339 2548 Hebraeis

113 2602 183 2668 illic
211 2601 321 2687 gestie.
371 2597 451 2664 Inde
473 2598 645 2681 conjicies,
677 2593 796 2662 librum
818 2597 910 2664 illum
938 2613 1013 2664 aute
1034 2584 1144 2688 populi
1164 2600 1338 2668 israelitici

116 2741 160 2787 ex
179 2718 326 2805 Aegypto
348 2719 572 2805 migrationem
594 2718 805 2802 conscriptum
827 2716 939 2801 fuisse,
990 2715 1085 2792 Quod
1107 2722 1135 2783 ei
1156 2723 1202 2785 ita
1223 2742 1260 2785 ae
1280 2719 1342 2784 ba-

113 2836 190 2918 bet,
213 2839 271 2902 vix
293 2837 459 2922 quiequam
481 2832 580 2912 aliua,
604 2847 730 2920 praeter
751 2833 894 2913 Morem,
919 2833 997 2901 soto·
1016 2850 1127 2901 auctor
1150 2820 1337 2903 existimau-

86 2988 88 2993 ’
116 2962 194 3033 due3
232 2957 287 3041 qui
308 2950 365 3018 illo
386 2946 596 3037 probabiliter
619 2963 779 3038 tempore,
817 2942 898 3038 quo,
930 2973 971 3016 ex
993 2951 1142 3039 Aegypto
1169 2930 1340 3043 profugus,

116 3078 152 3143 iu
174 3073 418 3140 Midianitarum
441 3069 528 3134 terri
549 3052 702 3157 degebat,
730 3069 808 3136 suot
825 3069 944 3136 librum
969 3061 1167 3157 conacripeit.

201 3168 498 3276 Quae‘argumeuta
519 3197 613 3274 quam
634 3210 748 3274 parum
769 3191 834 3254 rint
855 3188 1046 3274 probabilia,
1068 3213 1111 3255 ex
1128 3189 1337 3278 sequentibus

27 3293 29 3297 ¹
120 3298 275 3379 elucebit:

201 3429 233 3514 1)
260 3430 331 3493 Etsi
353 3426 581 3505 concedemus,
612 3424 739 3490 Morem
760 3428 800 3491 eti
822 3448 928 3492 rerum
951 3427 1217 3514 Aegyptiacarum
1245 3436 1343 3512 atque

117 3544 329 3609 Arabicarum
357 3544 544 3609 instructum
577 3542 677 3609 fuieee
705 3544 856 3624 scientia,
895 3566 977 3630 quae
1005 3548 1045 3612 ad
1073 3542 1340 3628 conscribendum

119 3660 197 3726 toto·
212 3658 332 3724 librum
348 3639 590 3747 requirebatur,
613 3675 720 3726 tamea
740 3664 814 3728 inde
830 3683 1030 3750 nequaquam
1047 3648 1210 3739 efficitur,
1222 3660 1342 3745 librum

118 3777 212 3843 illum
232 3799 253 3840 e
275 3778 372 3845 Mete
393 3782 603 3865 compositum
625 3780 737 3847 fuisse.
790 3779 936 3867 Namque
966 3795 999 3845 et
1025 3791 1098 3868 post
1120 3778 1247 3853 Morem
1272 3778 1344 3842 He-

120 3895 290 3962 braeorum
310 3895 425 3984 aliquis
441 3901 476 3962 in
491 3896 638 3983 Aegypto
661 3910 756 3985 atque
779 3878 900 3965 Arabia
920 3901 1043 3965 versari
1063 3895 1186 3983 potuit,
1206 3904 1343 3981 eamque

120 4036 239 4094 rerum,
262 4017 295 4080 iu
317 4019 412 4081 terrio
433 4014 500 4080 illis
518 4015 696 4096 obviatum,
719 4019 936 4103 cognitionem
957 3996 1020 4082 eibi
1043 4036 1240 4101 comparare,
1261 4035 1344 4100 quae

122 4135 157 4197 in
177 4133 254 4199 Jott
273 4132 358 4201 libro
380 4136 601 4220 conspicitur.-
